4436 5388
365 457 369 466 ·
472 439 478 450 “
548 425 638 496 Cnr.
665 422 723 499 llll
749 419 1015 522 Moriuntur-n
1042 439 1245 492 nnunnarr
1271 399 1605 494 summeurae-¹
1704 429 1811 516 129³
1909 506 1912 508 ,

342 617 490 694 bortum
521 615 582 696 hut
608 611 755 716 parasse:
772 617 812 698 lu
832 641 962 718 campo
988 617 1086 696 urbis
1109 618 1401 708 Kirnanschan‚³
1430 621 1585 698 duarum
1615 618 1777 720 parasan-
1853 661 1856 676 =

341 743 469 816 garum
487 709 742 818 ,longitudinis
774 722 1013 820 eiusdemque
1044 721 1258 799 latitudinis.
1320 723 1431 800 Horti
1454 725 1608 802 alteram
1631 731 1775 826 partem
1829 717 1839 772 ’-

340 823 529 901 arboribus
555 821 789 902 conserendis
819 823 1033 902 destinatam
1059 823 1183 912 fuisse,
1218 823 1372 902 alteram
1409 845 1497 903 varo
1531 827 1667 904 vastum
1696 849 1775 923 pra·

340 937 422 1002 turn
455 923 631 1018 effecisse,
669 929 767 1023 quod
803 925 1021 1004 animalibus
1055 929 1215 1003 cuiusvis
1242 927 1390 1025 generis
1429 929 1604 1026 compleri
1635 929 1773 1008 luserit

282 1061 284 1066 ’
341 1029 503 1103 Cusroes
522 1031 589 1122 r).”
649 1030 832 1106 Vivarium
870 1029 1096 1128 peramplum
1129 1027 1218 1118 suit,
1253 1034 1292 1104 ni
1321 1028 1445 1117 sallon,
1480 1055 1590 1128 quern
1621 1032 1770 1110 hortum

310 1177 316 1183 -
339 1129 501 1225 appellat
524 1129 741 1219 standuna,
767 1131 853 1207 seris
874 1129 1338 1220 nutriendls‘dellluatum
1367 1131 1438 1208 hoc
1460 1131 1535 1228 ipso
1559 1132 1641 1208 loco
1669 1151 1769 1231 para·

341 1242 445 1316 tum,
470 1255 544 1332 quo
569 1255 678 1334 rnons
698 1231 936 1336 Tale-Bollan
960 1231 1102 1330 regioni
1128 1233 1250 1308 versus
1271 1221 1555 1330 septentrionem
1578 1232 1694 1314 finem
1719 1236 1772 1312 in·

340 1335 456 1432 ponit.
495 1334 654 1412 vIiirrnrt
677 1333 952 1434 quodammodo
980 1338 1077 1412 hanc
1107 1335 1317 1430 opinionem
1350 1357 1434 1412 cum
1471 1331 1769 1430 nominir'srgnt-

340 1434 478 1525 linario,
498 1453 593 1532 quae
616 1435 685 1526 eil,
708 1461 803 1514 nuru
817 1437 911 1516 horti
926 1439 983 1515 rel
998 1462 1099 1516 orcus
1114 1437 1318 1524 sortierunt
1334 1438 1436 1538 regio
1451 1437 1543 1536 ipsas
1568 1461 1643 1532 non
1662 1435 1772 1523 sanila
2046 1439 2049 1450 '

339 1537 523 1614 invenires
546 1534 658 1614 aliarn‘
684 1538 771 1624 huin
803 1538 950 1617 cnusrlin
976 1542 1176 1640 aptiorem:
1209 1539 1322 1618 solum
1348 1537 1448 1620 enim
1472 1539 1634 1616 maxime
1659 1539 1771 1640 srugi·

336 1641 479 1726 ferum,
504 1639 618 1718 fluvio
649 1642 856 1744 irrigatumr
891 1667 936 1718 ex
960 1667 1031 1739 una
1057 1656 1159 1742 parte
1191 1641 1350 1742 praealta
1373 1665 1464 1739 rupe
1487 1641 1647 1740 septum.
1668 1649 1769 1722 ,viva-

335 1735 393 1820 rio
419 1761 529 1838 quarn
561 1742 723 1820 maxime
752 1743 1002 1839 respondebat.
1060 1747 1184 1822 Huius
1213 1744 1341 1818 vivarii
1363 1741 1522 1838 effigiem
1549 1741 1767 1840 anaglyphis
1850 1763 1853 1768 ⁴
1992 1739 2005 1756 ⁴

336 1844 473 1920 reserre
499 1843 589 1921 mihi
612 1844 909 1933 videaturunus
940 1847 979 1922 in
1006 1843 1080 1942 ipsu
1107 1844 1304 1941 eupatori,
1332 1845 1500 1942 parietes.
1555 1845 1658 1942 Opus
1678 1843 1768 1921 illud
1850 1885 1859 1897 ·

336 1944 591 2032 reticulatum,
620 1947 764 2042 dequo
786 1947 900 2022 multa
926 1947 963 2022 in
987 1947 1194 2024 Bembonis
1211 1947 1397 2025 itinerario
1413 1950 1475 2040 t),
1502 1957 1541 2022 et
1561 1947 1658 2042 quod
1682 1970 1768 2022 con·

202 2061 207 2076 ·
338 2045 500 2146 spicuurn
520 2045 577 2138 ,est
598 2047 851 2124 inlllalcolmii
872 2049 1002 2124 tabulis
1020 2053 1146 2124 aeneis
1167 2054 1224 2136 u),
1254 2048 1367 2125 refert
1390 2047 1478 2126 illud
1500 2047 1671 2146 septum,¹
1691 2072 1766 2146 qun
1836 2131 1846 2141 ,

262 2185 271 2202 ·
302 2171 308 2179 ·
339 2148 605 2228 circumdatum
632 2163 712 2246 erat
737 2152 930 2233 vivarium,
960 2151 1020 2230 rel
1047 2175 1119 2248 quo
1150 2170 1194 2226 ex
1226 2162 1330 2248 parte
1358 2149 1601 2246 circumsepiri
1630 2148 1768 2234 solebat
1895 2201 1899 2210 ·

339 2251 461 2350 rapio,
491 2249 639 2328 simulac
667 2251 702 2326 in
728 2275 772 2328 ea
801 2255 1036 2332 venationem
1065 2245 1272 2330 instituebat
1294 2259 1358 2326 'rex
1379 2257 1431 2344 u).
1459 2255 1678 2328 'innumera
1705 2246 1778 2330 illa'
1893 2328 1897 2338 ,

335 2354 497 2434 serarum
525 2360 641 2450 copia,
667 2375 749 2428 curn
774 2355 926 2430 omnino
949 2353 986 2430 in
1008 2355 1247 2430 Orientalium
1273 2360 1606 2440 mora-‘veritatem
1634 2355 1769 2445 talibus

334 2455 375 2541 in
399 2459 507 2534 rebus
533 2454 658 2556 procul
684 2455 866 2542 habendi,
894 2461 1036 2534 tumin
1064 2481 1109 2534 eo
1137 2451 1231 2552 ipso,
1263 2457 1361 2553 quod
1384 2459 1566 2534 ,vivarium
1592 2453 1661 2542 est,
1693 2479 1768 2554 quo
1796 2507 1800 2516 ·
1902 2471 1908 2478 ’

190 2627 194 2632 .
334 2559 489 2636 instituit
522 2581 586 2634 rex
615 2562 870 2641 venationem,
906 2559 1034 2636 iustam
1072 2559 1185 2636 habet
1221 2555 1503 2638 excusationem.
1571 2557 1646 2636 Sed
1678 2557 1766 2664 quid

288 2745 292 2748 Α
334 2657 398 2736 libi
421 2661 549 2740 volunt
569 2660 722 2754 cymbae
742 2659 831 2738 illae
850 2657 887 2736 in
911 2661 1128 2760 anaglyphis
1151 2659 1359 2757 expressae?
1411 2657 1767 2741 Fluviussaris'nra·
1821 2743 1826 2752 ,
1877 2711 1906 2766 ,-

333 2785 432 2858 gnus
454 2777 570 2838 tutam
592 2763 779 2860 planitiem
802 2763 918 2851 secat,
947 2787 992 2840 eo
1019 2790 1085 2842 rex
1110 2763 1285 2862 navicula¹
1299 2761 1500 2846 invehens.
1528 2777 1570 2840 ut
1592 2779 1700 2859 puto,
1725 2763 1765 2842 in
1884 2816 1890 2826 ι

264 2939 268 2944 .
335 2867 412 2959 ripa
445 2865 623 2941 excitatas
654 2865 751 2940 seras
781 2865 867 2940 telis
899 2869 1001 2964 petit.
1025 2905 1079 2923 --
1112 2867 1236 2952 -Quod
1263 2867 1336 2940 iarn
1361 2865 1552 2962 adipsum,
1575 2880 1766 2942 antrorum

334 2966 447 3044 usum
473 2971 624 3052 attinet.
661 2967 902 3065 receptacula
928 2968 1031 3046 suilse
1067 2967 1256 3052 videntur,
1295 2967 1342 3042 ad
1375 2989 1469 3064 quae
1497 2965 1547 3044 ·se
1581 2967 1767 3044 conferret
1823 3022 1831 3030 -
1863 2985 1866 2992 ’

335 3093 419 3155 rex,
449 3071 644 3146 venatione
666 3069 842 3163 fatigatus
868 3082 907 3142 et
934 3072 1054 3144 calore
1077 3069 1196 3144 sessus.
1249 3070 1364 3144 hlulta
1394 3067 1574 3145 eiusmodi
1599 3083 1702 3144 antra
1726 3067 1774 3152 io,

335 3167 453 3248 Persia
476 3173 730 3258 inveniuntur,
755 3193 849 3266 quae
869 3173 1097 3264 appellantur
1113 3165 1244 3267 surdos
1264 3169 1464 3267 frigidaria,
1491 3171 1621 3266 quibus
1647 3169 1682 3244 se
1705 3169 1771 3262 abs

335 3275 424 3349 dere
451 3271 567 3348 solent
589 3271 740 3354 Persae,
773 3285 813 3346 ut
833 3281 936 3346 turos
956 3272 993 3348 se
1017 3272 1197 3366 praestent
1225 3293 1245 3341 a
1271 3269 1352 3344 solis
1377 3271 1531 3362 servare.
1584 3271 1766 3348 Eiusdem

242 3454 248 3462 ,
336 3379 504 3474 generis,
527 3369 592 3452 oisr
612 3375 710 3472 quod
731 3372 953 3470 diligentiori
976 3395 1088 3452 manu
1112 3369 1295 3470 exsculpta
1317 3385 1355 3449 er
1377 3373 1508 3452 maiori
1530 3395 1616 3452 cura
1637 3361 1767 3552 absara
1984 3463 1988 3471 4

615 3483 644 3510 ’·
682 3507 685 3512 ·
1236 3519 1240 3526 ·
1695 3487 1806 3566 rnr.=

288 3697 301 3742 .·
374 3681 404 3758 s)
427 3683 474 3744 Da
499 3679 612 3749 Sacn,
633 3670 781 3750 stennir'er
792 3673 848 3759 sur
868 3675 926 3740 diu.
949 3697 977 3760 p.
996 3689 1067 3756 235.
1161 3687 1165 3693 “
1246 3737 1251 3745 ,

332 3840 336 3848 .
375 3791 408 3868 r)
428 3788 612 3876 Mon-anti,
632 3781 832 3864 dhffrrrrar'mrr
852 3804 882 3866 p.
898 3785 949 3862 do.
972 3796 1022 3864 70.

374 3894 408 3979 rr)
431 3901 628 3968 ΜΑιεοιΜ,
644 3892 756 3975 lrrssorp
780 3895 802 3954 l.
825 3911 853 3974 p.
872 3901 943 3966 258.

297 4073 299 4080 ,
374 4003 412 4088 a)
434 4007 467 4064 lit
489 3991 636 4082 hodieque
661 4003 691 4060 in
716 4001 806 4062 l’ersra
829 3999 928 4062 erdem
956 4000 1070 4061 ratione
1092 3998 1228 4075 regiones
1248 3996 1329 4060 inter
1353 3993 1414 4056 duo
1436 4007 1592 4078 praerupta
1620 3995 1766 4059 monrium
1873 3997 1875 4002 '

417 4088 505 4160 iuga,
531 4085 656 4144 a'tartio
677 4079 767 4142 latere
790 4079 949 4162 sepimenta
978 4079 1088 4142 includi
1112 4075 1223 4152 solentt
1251 4079 1409 4154 anaginna
1429 4073 1536 4150 aversa
1554 4079 1686 4140 marinna
1702 4097 1766 4138 eoa·
1793 4135 1800 4142 ,

418 4171 500 4244 gitur
524 4165 651 4226 serarum
674 4166 774 4244 eopia,
802 4167 848 4224 t'ui
873 4179 940 4226 tune
962 4164 1179 4227 interficiendae
1200 4180 1256 4242 pro
1279 4157 1373 4222 lubitu
1398 4175 1447 4218 rex
1477 4179 1541 4219 rum
1566 4158 1621 4218 luit
1644 4163 1765 4235 operam
1865 4235 1890 4246 ,‚

407 4261 517 4316 ,navah
567 4245 614 4308 Cl.
643 4247 804 4306 uene-rionis
836 4247 989 4318 rlesrr'rptio
1014 4245 1089 4317 apud
1122 4247 1242 4306 Dalana
1265 4247 1380 4308 VALLF
1401 4243 1458 4302 tlt.
1488 4239 1601 4316 prad.
1644 4237 1763 4320 Effigie·
1864 4310 1868 4318 Ι

419 4330 508 4392 haine
542 4329 704 4392 venationis
726 4328 818 4392 ,exstet
845 4331 876 4388 in
904 4325 990 4390 Dillr
1022 4323 1118 4408 Vallrr
1148 4327 1303 4388 itinerarii
1326 4318 1449 4396 rafim
1471 4320 1657 4390 Germanica.
1687 4317 1771 4422 Gens
1855 4405 1862 4414 ι

419 4416 510 4494 1⁶74.
532 4429 561 4494 p.
580 4423 650 4490 142·
1196 4486 1231 4568 R
1349 4457 1353 4463 -
