4334 5384
475 404 524 462 to
574 383 670 458 inne
699 388 741 464 h.
765 385 925 458 Persrnc
952 403 1106 457 cennas
1134 405 1436 458 occrnnncnces.
1468 387 1615 478 Secrro'
1637 385 1664 460 l.
1691 389 1832 466 Peneis.
1868 421 1873 428 ·

2143 321 2144 380 l

408 610 415 618 ·
477 581 621 682 depicta
652 581 731 660 est„
772 580 1027 684 inscriptiones
1057 607 1165 683 quam
1201 583 1378 684 plurimae
1410 583 1829 682 depingendae'relinnt
1854 585 1930 673 ἠὲ»
1968 565 1973 572 ’

476 687 693 784 exquibus,
718 687 1131 784 accuratedepictis'et
1157 687 1252 762 inter
1279 686 1313 761 se
1336 687 1492 788 collatis,
1528 709 1641 782 quum
1669 690 1783 766 multa
1812 685 1911 761 haud

478 789 590 866 dubie
611 789 687 884 peti
718 785 862 882 polsrnt,
897 790 1007 884 digna
1030 789 1196 884 inprimis
1224 784 1278 871 est
1311 787 1403 863 haec
1433 789 1665 864 monumenti
1700 813 1781 886 pars
1811 799 1912 883 per'e·

372 903 375 915 ¹
430 939 439 972 ,ι
478 888 797 992 griuantis'suturi
821 889 1023 990 diligentia.
1075 891 1261 968 Certiores
1286 890 1373 964 facti
1399 889 1522 964 sumus
1547 887 1842 968 solummodode
1867 887 1913 962 iis

443 995 447 1000 '
482 989 748 1090 erchiteoturae
771 993 959 1087 operibus,
986 1013 1079 1090 quae
1094 992 1204 1094 snpra
1225 1005 1315 1068 terro
1336 996 1591 1066 inveniuntur:
1618 1013 1728 1067 nemo
1751 1009 1913 1088 unquam

483 1093 522 1170 in
547 1091 666 1183 lucem
692 1093 887 1190 protraxit,
921 1117 1015 1192 quae
1045 1095 1102 1170 vel
1128 1108 1223 1169 ‘terre
1256 1093 1403 1178 obruta,
1438 1092 1496 1167 vel
1523 1087 1595 1188 ipsa
1625 1111 1703 1169 arte
1726 1091 1794 1194 sub
1820 1104 1942 1168 terro¹

480 1195 626 1274 condita
652 1193 743 1270 sunt.
799 1195 914 1272 Multa
937 1190 1016 1274 eius
1031 1195 1179 1290 generis
1201 1193 1343 1284 restare,
1368 1209 1406 1270 et
1425 1193 1517 1270 ratio
1545 1193 1655 1270 iidem
1680 1195 1786 1280 iecit,
1801 1193 1914 1290 ¹quod

481 1295 622 1393 semper
647 1296 725 1372 sere
752 1296 836 1388 talin
863 1297 1030 1374 aedificia
1053 1295 1114 1373 sua
1138 1307 1283 1394 quoque
1305 1293 1495 1375 habebant
1518 1294 1766 1381 subterranea,
1792 1309 1831 1370 et
1854 1317 1914 1389 pe·

480 1400 725 1498 regrinntores
748 1403 816 1472 nus
840 1399 997 1476 edocent
1018 1402 1067 1486 s).
1124 1399 1232 1484 Multi
1263 1397 1398 1476 teliant
1423 1399 1598 1485 cuniculi,
1643 1403 1722 1496 qui,
1750 1410 1792 1472 ut
1817 1395 1914 1488 vide·

480 1515 559 1600 tur,
595 1500 793 1576 cohaerent
816 1523 899 1576 cum
924 1501 995 1578 illis
1021 1499 1190 1596 sepulcris
1212 1501 1328 1577 monti
1350 1499 1492 1587 incifis;
1519 1523 1630 1574 nemo
1659 1500 1819 1595 penitius
1848 1519 1913 1572 ens

480 1600 740 1695 investigarit..
771 1605 825 1679 Ita
852 1624 921 1676 nec
944 1604 1177 1676 cohaerentia
1208 1601 1426 1704 fingularum
1455 1600 1612 1676 aedificii
1635 1608 1791 1698 partium
1816 1599 1916 1674 indu·

479 1714 563 1796 gnta
588 1701 657 1788 est,
694 1723 788 1797 quae
813 1699 839 1773 sr
867 1703 1111 1788 inveniretur,
1138 1703 1298 1780 multum
1324 1703 1465 1778 faceret
1488 1703 1534 1776 ad
1563 1701 1749 1780 confilium
1779 1701 1917 1780 certine
1947 1762 1950 1770 .
1977 1751 1980 1756 -

481 1799 759 1891 deliniehdum,
796 1802 842 1890 ad
880 1805 979 1900 qnod
1014 1803 1176 1878 inmensa
1196 1805 1297 1882 hne'c
1319 1816 1559 1880 monumenta
1589 1803 1790 1880 constructa
1820 1803 1913 1880 sunt.

453 1997 455 2004 y
482 1901 831 2001 Optandumpigitur
861 1905 932 1994 est,
966 1919 1008 1981 ut
1031 1903 1458 2002 peregrinatnres.suturi
1487 1904 1534 1979 ad
1560 1907 1796 2002 eainprimis
1815 1927 1918 1980 men·

483 2017 561 2082 tem
589 2007 803 2092 advertant,
830 2027 925 2101 quae
953 2011 1027 2084 iam
1051 2007 1176 2098 minus
1200 2014 1346 2101 cognite
1377 2007 1450 2082 illic
1476 2005 1584 2080 nobis
1604 2007 1755 2084 ¹relient.
1809 2009 1918 2084 Tent-

481 2105 785 2214 poris'auguliiis
817 2103 1045 2198 solummodo
1072 2107 1372 2184 excusandus-'est
1394 2107 1601 2197 Kinneirus,
1625 2113 1723 2206 quod
1745 2132 1814 2189 nna
1841 2121 1918 2184 tarr·
1946 2135 1950 2146 ·

479 2223 564 2284 turn
597 2209 730 2306 pagina
763 2207 968 2308 Persepolirr
1054 2208 1156 2287 solvit
1178 2215 1226 2303 t).
1287 2213 1406 2296 Quam
1440 2215 1601 2283 maxime
1628 2213 1825 2288 dolendum
1853 2207 1916 2294 est,
1968 2217 1979 2236 ·

483 2309 685 2390 Morierum
714 2313 752 2400 n)
782 2333 855 2387 noo
891 2319 1008 2408 primo
1065 2311 1219 2406 ropnhto
1253 2311 1401 2396 stetisse,
1440 2308 1664 2387 describendi
1698 2311 1831 2387 scilicet
1859 2335 1916 2395 ea,

483 2435 580 2509 quae
616 2437 637 2489 a
669 2413 999 2510 peregrinatoribus
1032 2415 1221 2510 hucusque
1251 2411 1369 2488 essent
1397 2411 1541 2497 nmilia,
1579 2424 1619 2485 et
1645 2412 1846 2498 indicandi,
1877 2416 1917 2484 in

446 2563 449 2572 ,
484 2514 617 2610 quibus
643 2514 929 2611 discrepantium
961 2516 1172 2613 scriptorum
1210 2513 1371 2610 pertibus
1395 2513 1559 2589 standum
1585 2515 1682 2594 esset.
1745 2509 1917 2592 Generair

412 2692 420 2704 ,
484 2615 584 2792 “iim
625 2615 705 2690 eius
745 2615 987 2719 descriptione
1031 2617 1122 2693 nihil
1169 2616 1373 2711 lucremur3
1418 2611 1595 2692 notiffima
1634 2620 1768 2728 iterum
1810 2615 1917 2692 nohis

405 2777 410 2787 .
488 2729 705 2796 teruntur.
1337 2767 1339 2774 ·

758 3001 761 3008 ,
1004 2920 1400 3020 ΠΛΠιῙενὶμὲἰο.
1895 2983 1901 2994 ,
1971 3018 1984 3026 ·

588 3043 807 3124 Aedificium
837 3067 883 3120 ex
918 3045 1026 3136 nigro
1052 3065 1252 3130 marmore,
1287 3046 1384 3141 quod
1415 3040 1558 3120 vicinus
1581 3063 1690 3120 mons
1718 3041 1917 3140 suppedite-

418 3234 421 3243 ,
477 3148 565 3245 ¹hat,
591 3173 641 3248 lea
675 3163 754 3225 nrte
787 3145 1035 3248 conliructum¹
1062 3145 1139 3232 eli,
1168 3160 1215 3222 nt·
1235 3147 1362 3222 multis
1389 3148 1549 3244 pertibus
1576 3148 1638 3222 vix
1668 3148 1797 3222 rimam
1832 3167 1915 3240 cog·

421 3294 431 3310 «
485 3272 618 3326 noscas
645 3251 741 3327 inter
773 3252 944 3344 ingentes
973 3245 1203 3324 illasmoles
1237 3247 1482 3331 marmoreas,
1516 3247 1589 3324 stne
1622 3248 1695 3324 ullo
1722 3253 1918 3325 coemento*

488 3351 643 3428 iunctas.
695 3353 828 3430 Totum
853 3371 963 3446 opus,
999 3350 1103 3426 cuius
1129 3351 1304 3446 quadrata
1335 3349 1413 3426 fer'e
1440 3349 1491 3425 est
1517 3348 1654 3439 forma,
1689 3349 1917 3446 nniulh·qui·

389 3446 397 3480 ·’
489 3453 575 3528 dem
601 3477 676 3530 non
708 3453 849 3549 semper
873 3451 1030 3538 serrata,
1064 3473 1205 3526 murus·
1224 3475 1269 3526 ex
1296 3454 1397 3538 omni
1420 3453 1591 3547 regione,
1624 3467 1778 3548 excepto
1802 3453 1942 3526 latere·

367 3613 376 3622 .
487 3553 673 3642 orientali,
700 3554 920 3640 circumdat,
947 3551 1009 3650 dui
1035 3575 1054 3627 a
1080 3552 1323 3652 septentrione
1347 3555 1393 3630 ad
1416 3555 1607 3630 meridiem
1633 3555 1841 3642 sexcentos,
1868 3551 1915 3646 eh
1992 3641 1995 3648 ¹

407 3701 411 3710 ·
486 3657 680 3734 occidente
709 3681 795 3733 vero
827 3657 1103 3739 adorientem,
1134 3679 1205 3752 qua
1241 3675 1354 3730 mons
1379 3677 1484 3732 muro
1507 3654 1619 3730 finem
1640 3657 1799 3752 inponit,
1831 3677 1920 3750 qua·

486 3757 700 3874 dringentos
727 3757 881 3839 circiter.
896 3755 1015 3849 p‘allus
1037 3770 1185 3856 aequat.
1239 3755 1369 3831 Totins
1398 3766 1517 3853 operis
1541 3759 1577 3832 in
1602 3758 1756 3833 sormam
1781 3755 1923 3830 theatri

351 3915 355 3925 .
485 3857 608 3956 sirncti
629 3873 704 3935 tres
731 3861 881 3934 omnino
905 3856 986 3932 sunt
1007 3871 1150 3951 partes,
1177 3881 1329 3953 quarum
1352 3859 1464 3934 altera
1483 3861 1594 3950 ¹altera
1616 3859 1836 3934 eminentior
1853 3857 1914 3938 eli.
2011 3877 2019 3884 ·

484 3959 630 4057 Duplex
655 3959 745 4036 scale
774 3960 823 4034 ita
848 3975 1079 4057 comparata,
1114 3973 1155 4036 ut
1185 3959 1313 4036 decem
1348 3967 1510 4058 equites,
1535 3985 1610 4036 uno
1636 3961 1733 4037 iuxta
1759 3961 1913 4036 alterum
1950 4031 1955 4044 ,

483 4061 623 4151 locato,
649 4061 723 4140 srne
751 4061 913 4140 molestia
945 4059 1140 4170 ascendere
1172 4084 1270 4195 eam!
1287 4061 1432 4164 polirnt,
1462 4064 1609 4141 aditum
1634 4063 1680 4142 ud
1707 4063 1914 4140 inferiorern

874 4201 878 4207 ·
966 4207 972 4218 »
1317 4191 1325 4210 ·
1424 4197 1428 4202 ·
1695 4231 1704 4252 ,
1774 4177 1916 4266 partem

354 4455 362 4466 η
427 4461 431 4464 -
523 4361 560 4440 r)
582 4345 745 4427 irrznuun
768 4367 806 4430 11:
828 4384 858 4448 p.
879 4375 948 4440 150.
1228 4359 1261 4438 si
1283 4367 1453 4426 crrnnnrn
1475 4362 1555 4450 wll.
1577 4385 1605 4449 p
1624 4381 1695 4444 3²9·

525 4468 679 4592 *lanr-
1106 4487 1130 4580 j
1196 4465 1314 4586 'rte
1351 4485 1418 4546 no.
