4334 5384
441 475 502 562 56
552 465 646 540 eras
670 461 712 536 t.
744 459 905 534 Peasran
933 475 1087 528 caraea
1115 472 1413 539 occrnarrra-cne.
1446 459 1587 532 secero
1608 463 1635 541 l.
1662 445 1802 541 Piaera'.

447 651 678 750 coniectura.
703 661 865 738 nominis
883 655 1115 738 firnilitudine
1133 655 1279 744 fulcita.
1307 657 1518 758 eiquecunt
1541 661 1612 740 hac
1633 661 1706 764 ipsa
1722 663 1777 742 de
1796 667 1880 742 caui

345 763 350 777 '
381 859 383 866 y
447 763 505 853 sa.
531 764 735 854 luminosa,
763 765 868 863 'quod
887 759 1076 839 aediculae
1099 759 1272 837 structura
1298 763 1406 861 plane
1436 767 1609 843 abhorret
1636 767 1682 842 ab
1703 768 1876 844 omnibus
1925 851 1932 862 ,

445 867 802 946 Muhamedanorum
824 865 992 964 sepulcris
1013 864 1063 957 s),
1084 863 1180 938 nulla
1202 865 1296 939 sides
1315 865 1479 966 debetur.
1535 867 1783 946 Celebriorem
1801 889 1879 945 nro·
2025 885 2030 894 ·

296 1047 311 1064 ,
445 969 636 1046 numeratis
664 969 844 1062 originem
874 967 1034 1043 tribuere
1063 965 1181 1040 lludet
1213 967 1402 1044 Morierus.
1462 969 1574 1045 Haud
1608 968 1708 1046 enim
1747 969 1782 1046 se
1816 972 1880 1047 du·

447 1071 565 1148 bitere
590 1069 697 1162 dicit,
722 1069 910 1148 aediculae
936 1067 1023 1144 suus
1049 1067 1071 1141 li
1098 1091 1216 1164 aeque
1239 1067 1453 1146 conveniret
1478 1069 1710 1165 Pasargadis‚
1728 1095 1780 1148 ac
1800 1095 1880 1149 mo·

447 1187 668 1252 numentum
695 1170 812 1271 ipsum
839 1170 1068 1269 descriptioni
1091 1171 1179 1267 Cyri
1207 1168 1358 1268 sepulcri
1381 1173 1477 1270 apud
1505 1185 1651 1248 veteres
1675 1172 1881 1274 scriptores,

448 1276 497 1352 ad
521 1276 610 1378 Cyri
636 1297 753 1374 usque
782 1285 943 1354 aetatem
969 1273 1174 1356 aediculam
1201 1273 1299 1348 iliam
1327 1275 1474 1351 referre.
1526 1277 1607 1361 Qua
1629 1273 1778 1353 Morieri
1805 1273 1880 1351 sen‘·

428 1379 563 1477 ‚tentia
593 1389 802 1453 commotus
825 1373 1028 1451 rationibus
1052 1377 1205 1472 probare
1228 1373 1347 1452 studet
1377 1377 1421 1452 cl.
1442 1377 1713 1466 Grotesendu's,
1748 1379 1881 1454 rudera

446 1479 508 1556 illa
531 1475 1118 1578 veterumell'ePasnrgadarunr,
1140 1475 1347 1554 aedilicium
1367 1500 1455 1555 vero
1478 1478 1567 1554 illud
1589 1475 1775 1572 singularis
1793 1478 1881 1554 siru-

447 1599 592 1668 crurae,
630 1579 718 1678 Cyri
751 1577 1041 1684 sepulcrum'm).
1107 1574 1194 1655 ilion
1231 1581 1333 1656 idem
1373 1579 1467 1657 milri
1505 1579 1711 1680 persuasum
1747 1579 1879 1658 habeo.

268 1775 271 1788 ¹
443 1685 525 1778 ‘Res
557 1684 607 1760 eli
632 1680 885 1779 disquisitione
916 1671 1135 1778 digniffima,
1166 1679 1254 1756 hinc
1270 1679 1395 1780 ‘venia
1415 1679 1506 1760 mihi
1532 1683 1658 1772 detur,
1683 1683 1804 1782 spero,
1829 1702 1882 1760 ra*-
2007 1767 2017 1776 ,

299 1863 305 1874 ,
447 1783 571 1864 tiones
596 1805 701 1862 meas
732 1782 839 1880 paulo
861 1782 1038 1884 copiosius
1064 1779 1273 1882 exponenti.
1432 1870 1437 1882 Ι
1605 1808 1610 1820 ·
1933 1815 1939 1823 ν

459 1981 509 2107 s·
536 2007 644 2089 Num
670 2007 830 2124 rudera
859 2023 1060 2112 occupent
1086 2005 1220 2114 silum
1250 2019 1435 2118 uestra-er
1459 2005 1854 2112 Pasargadarrrnr?
1973 2059 1989 2074 -

530 2139 682 2232 „variae
700 2135 785 2214 sont
805 2138 854 2216 de
877 2138 1159 2236 Pasargadatum
1186 2138 1253 2223 litu
1275 2138 1489 2224 sententiae.
1542 2137 1619 2229 Alii
1643 2147 1687 2234 a)
1709 2139 1757 2216 ad
1775 2137 1881 2227 Sciri-

446 2239 566 2322 rasum
601 2241 749 2327 urbem.
789 2264 884 2338 quae
919 2243 1025 2319 distat
1060 2265 1080 2316 a
1114 2241 1297 2340 Persepoli
1335 2240 1459 2318 versuo
1488 2242 1681 2322 meridiem
1714 2238 1881 2322 milliaria

447 2346 588 2444 septem
614 2347 676 2436 o).
701 2341 928 2439 Pasargadas
953 2344 1037 2420 fitaa
1062 2344 1167 2420 fuisse
1188 2343 1404 2442 opinantnrt
1430 2343 1500 2420 ulli
1518 2348 1578 2438 p),
1604 2341 1765 2424 nominis
1786 2337 1881 2418 limi·

300 2535 305 2544 ,
445 2447 619 2535 situdine,
643 2460 685 2522 ut
706 2447 866 2530 videtur.
891 2447 1028 2531 fulciti,
1055 2445 1104 2522 ad
1125 2444 1255 2526 Fasam
1275 2443 1423 2530 urbem.
1443 2467 1546 2541 quae
1566 2441 1796 2540 undeviginti
1819 2463 1881 2537 pa·
1966 2505 1971 2512 .

444 2551 616 2650 rasangae
645 2571 667 2624 a
701 2547 881 2645 Persepoli
909 2549 1006 2626 inter
1041 2547 1223 2626 orientem
1253 2559 1293 2624 et
1324 2544 1518 2626 meridiem
1556 2545 1716 2644 spectat,
1752 2565 1880 2622 earum

446 2649 552 2726 fitum
583 2649 757 2728 invenisse
785 2649 846 2726 srbi
875 2651 1103 2748 persuadent.
1154 2651 1320 2746 Utraque
1349 2649 1441 2724 haec
1466 2647 1644 2726 sententia
1670 2647 1800 2724 iisdem
1827 2669 1881 2722 re·

446 2751 585 2829 fellitur
614 2753 861 2845 argumentis,
894 2775 990 2850 quae
1015 2750 1177 2836 obstant,
1211 2748 1410 2847 quominus
1438 2773 1565 2827 verum
1595 2748 1881 2843 Pasargadarum

351 2925 353 2933 .
390 2926 391 2936 .
445 2851 552 3029 litursn
583 2853 853 3030 {rotelandam
882 2853 1099 2934 constituisse
1122 2865 1262 2954 putem
1324 2848 1476 2931 obstant
1499 2853 1720 2932 Grotesendi
1747 2849 1881 2928 rationi

445 2978 513 3032 cao
530 2979 573 3031 ae
622 2978 685 3032 ae:
1541 2983 1545 2990 ·

552 3113 592 3204 r)
622 3107 804 3186 Rudera
831 3103 922 3180 vici
948 3099 1170 3201 Murgnab
1193 3101 1380 3192 (undecim
1405 3097 1570 3176 milliaria
1594 3099 1879 3198 septentrionem
1940 3159 1943 3164 .

444 3207 826 3306 persosaPersepott)
852 3202 996 3303 spatio
1023 3205 1221 3300 longiori
1248 3199 1268 3281 a
1290 3199 1525 3300 Persepoli
1547 3201 1723 3290 distant.
1749 3221 1880 3300 quam

314 3327 322 3336 ’
447 3339 535 3416 quo
560 3311 622 3392 ab·
649 3337 702 3392 ea
729 3308 925 3391 assuisse
955 3305 1173 3384 videntur
1199 3305 1500 3403 Pasargadae.
1550 3303 1646 3382 Rern
1668 3303 1801 3382 claram
1828 3303 1880 3385 sa·

395 3459 399 3468 ·
446 3421 541 3505 ciet,
568 3417 690 3514 spero,
715 3415 837 3510 cupitis
861 3411 957 3488 susus
979 3409 1135 3512 excursus
1159 3407 1200 3496 Ι,
1226 3433 1300 3510 quo
1326 3411 1374 3485 de
1401 3406 1615 3504 Pasargadis
1639 3406 1792 3486 collecta
1816 3404 1880 3482 ha·
2000 3473 2005 3480 .

285 3549 290 3561 ’
445 3519 531 3606 bes,
556 3541 651 3646 quae
670 3511 732 3592 hic
758 3514 865 3615 paulo
891 3513 1037 3613 longius
1060 3535 1121 3588 me
1145 3535 1165 3586 a
1194 3505 1301 3610 scopo
1319 3506 1562 3590 deducerent.

547 3675 588 3766 2)
612 3671 754 3752 Vicus
780 3655 1009 3766 Murghab'
1035 3669 1122 3744 alia
1150 3647 1340 3766 prorsus
1368 3631 1611 3762 regione'a
1637 3653 1878 3754 Persepoli

447 3773 610 3868 distat,
636 3763 766 3872 quam
799 3791 887 3870 qna
913 3772 1201 3870 Pasargadae
1226 3769 1406 3846 suerint
1438 3761 1622 3842 necesse
1652 3757 1728 3837 est.
1779 3761 1879 3938 sig:
1909 3781 1923 3796 “

486 4056 510 4146 i)
530 4055 578 4120 cs.
600 4052 765 4120 Maleolrnii
786 4053 861 4114 liber
885 4019 1107 4124 ‹Marcorrr's
1130 4049 1196 4134 siis.
1216 4049 1257 4142 σί
1274 4047 1354 4134 Pers.
1376 4055 1413 4115 11.
1432 4071 1462 4136 p.
1479 4053 1567 4124 md
1587 4039 1719 4127 sepulcre
1733 4041 1794 4108 duo
1810 4045 1879 4108 Mu·

433 4173 438 4178 ·
525 4136 883 4202 hemedeoieeexhibenr.
1511 4208 1557 4220 ..
1681 4189 1686 4206 ,
1805 4200 1810 4211 Ι

485 4245 836 4322 millenarum-lena
857 4247 882 4310 l.
898 4257 927 4308 r.
947 4244 1063 4326 poue.
1289 4245 1325 4322 a)
1346 4248 1493 4304 voearoe
1514 4233 1680 4320 advolen-
1705 4235 1758 4296 111.
1775 4231 1814 4300 8(

486 4353 918 4432 elNranurra.ll.p.1aa.
995 4351 1002 4433 j
1241 4365 1246 4372 ·
1483 4369 1490 4382 ·
1782 4355 1785 4363 '

486 4465 520 4542 p)
544 4460 687 4522 Mannerr.
711 4459 749 4522 V.
778 4477 807 4538 p.
828 4469 897 4530 sao.
931 4451 1126 4518 Rarru‘err's
1149 4451 1358 4542 geographicas
1369 4411 1542 4538 spilrm'of
1565 4433 1733 4514 arrodat·
1753 4439 1876 4524 pam·
1962 4509 1968 4519 ,
2034 4429 2041 4434 ’

529 4539 726 4602 vrucma’s
746 4557 978 4635 aecemuaerce
999 4543 1025 4604 st
1048 4555 1163 4624 5414.
1189 4539 1363 4605 strauere:
1386 4557 1415 4620 p.
1433 4547 1502 4616 75·
1570 4535 1575 4544 '
2092 4543 2100 4559 ·
