4364 5394
1214 117 1234 152 Q.
1299 147 1300 152 ,

480 405 507 482 4
537 425 540 434 ·
581 385 675 464 Pane
705 393 746 468 Α.
771 389 1108 472 teneraetenerae
1135 409 1435 464 oneret-,ueneno
1467 392 1608 467 Secnro
1637 395 1663 468 l.
1690 395 1830 472 Penne.
1895 413 1900 426 ¹

482 570 790 684 anomoeorum
824 588 964 666 mentio
997 589 1041 665 lit
1070 589 1169 690 apud
1203 602 1347 669 veteres
1378 591 1582 670 occidentis
1617 605 1657 672 et
1693 587 1844 673 orientis
1873 595 1907 684 r)

474 681 696 788 scriptores,
726 691 874 766 minima
899 703 1043 774 tanturn
1066 715 1151 790 pars
1174 693 1323 770 inventa
1352 693 1425 770 iem
1450 693 1519 776 eur
1554 717 1685 772 caveas
1709 718 1816 792 vero,
1847 693 1913 778 ne,

299 791 322 848 '.
405 820 428 860 ·.
482 801 578 890 quae
603 791 732 880 latent,
755 793 925 878 interiisse
947 808 1060 893 putes.
1076 795 1212 874 omnia.
1264 793 1379 875 Perfis
1404 791 1796 894 utveteribus'parum
1820 809 1908 894 neta
1957 877 1962 886 ,

485 901 582 986 erat,
614 895 666 972 ita
687 893 791 970 nobis
816 917 965 996 quoque
989 921 1035 974 ex
1059 909 1327 996 pertentantem
1349 901 1560 995 percognita
1585 897 1645 974 est.
1699 899 1820 984 Quum
1844 919 1909 987 ne·

485 995 649 1074 molere
677 996 990 1092 peregrinatorum
1018 1023 1038 1074 a
1066 997 1123 1076 via
1150 1003 1337 1074 communi
1359 997 1594 1082 deflecteret,
1622 1021 1736 1096 pauca
1765 1011 1910 1074 tantum

337 1115 346 1127 '
485 1110 628 1196 praeter
652 1123 771 1174 earex
800 1101 961 1178 tenebris
992 1099 1224 1198 prodierunt,
1251 1120 1344 1198 quae
1374 1101 1517 1177 obuiam
1542 1101 1727 1176 habebant
1752 1097 1798 1200 ab
1825 1089 1912 1175 Issa·⁴
1946 1133 1949 1141 ·

452 1289 457 1296 ι
484 1201 584 1274 hano
608 1199 812 1278 Schirasum
841 1203 1133 1300 proficiscentes,
1164 1203 1323 1300 indeque
1351 1214 1689 1302 perrumperentes
1711 1199 1808 1276 finus
1830 1201 1913 1296 Per·
2032 1221 2036 1229 ·

485 1297 555 1378 srci.
616 1299 733 1416 {lersrs
762 1303 873 1399 igitur
905 1319 989 1404 prae
1012 1299 1155 1388 ¹ceteris
1188 1306 1297 1398 digna
1335 1304 1403 1381 ert
1428 1327 1522 1402 quae
1552 1303 1758 1385 accuratius
1791 1301 1914 1396 adhue
1943 1318 1966 1348 ·’
2023 1301 2028 1310 ’

477 1400 748 1502 perscrutetur,
800 1409 954 1503 primurn
1002 1410 1099 1503 qnod
1146 1406 1313 1502 primaria
1360 1419 1439 1488 erat
1470 1420 1601 1500 terra,
1639 1405 1797 1500 ideoque
1836 1405 1915 1501 plu·
1984 1433 1987 1438 ⁴

481 1507 576 1582 rima
618 1528 735 1604 eaque
776 1506 1065 1604 praestantiffima
1108 1520 1349 1584 monumenta
1374 1507 1452 1610 ¹ibi¹
1485 1510 1599 1584 latere
1637 1505 1809 1582 credibile
1841 1503 1911 1588 ,ests
1995 1537 2001 1542 ·

486 1606 619 1684 'deinde
665 1608 764 1704 quod
806 1635 853 1684 ex
897 1617 976 1686 eius
1018 1613 1268 1688 monumentis
1306 1607 1627 1686 ,Persarumnrtts
1668 1609 1812 1692 indoles
1854 1628 1915 1702 op·

330 1745 343 1776 a
382 1757 388 1768 ·
487 1707 579 1786 time
602 1707 828 1808 perspicitur,
860 1731 973 1808 quum
999 1711 1092 1788 haec
1118 1724 1214 1786 terra
1246 1713 1324 1790 fere
1346 1709 1456 1786 libera
1486 1713 1594 1796 fuerit
1622 1711 1668 1786 ab
1691 1725 1840 1790 externa
1867 1707 1929 1791 ui..

491 1831 603 1907 quarn
625 1809 788 1907 reliquae
811 1823 930 1894 terrae
949 1825 1280 1910 omnes-expertae
1299 1811 1399 1898 suntr
1427 1815 1569 1916 accedit
1592 1813 1688 1910 quod
1709 1808 1744 1888 in
1769 1811 1814 1888 iis
1832 1807 1915 1906 ipsis

489 1911 743 1988 monumentis
771 1915 964 2008 quae'iam
990 1915 1151 1991 inventa.
1171 1930 1209 1992 et
1230 1913 1413 2012 descripta,
1430 1913 1539 2002 sunt,
1560 1915 1675 1990 multa
1704 1909 1917 2012 praestanda
2006 1969 2010 1978 .

459 2063 466 2070 -
490 2013 978 2132 restantper'egrinatoribus
1002 2015 1153 2102 suturis,
1186 2013 1326 2102 nonnisi
1345 2015 1468 2142 obiter
1488 2015 1586 2144 enim
1611 2039 1737 2094 eorum
1762 2013 1916 2116 plurima

491 2137 741 2216 cognoumus.

340 2463 392 2500 ,ἠ
532 2423 536 2434 -
775 2421 778 2428 -
937 2363 1295 2454 ‘cneus
1382 2307 1589 2454 r
1689 2405 1732 2470 μ

479 2632 482 2637 ἡ
583 2512 1831 2648 PepsrpolisvusgoHostis-Minor.

953 2702 1471 2746 *Wq-Om

597 2873 840 2952 Monumenta
872 2873 1175 2968 Persepolimna,
1206 2887 1283 2946 tute
1315 2871 1430 2946 Persia
1466 2871 1572 2946 facile
1610 2867 1921 2966 praestantissima,

498 2995 611 3068 quum
637 2987 693 3050 tot
717 2976 943 3052 eruditorum
968 2968 1236 3049 cieriffimorum
1260 2969 1408 3065 ingenia
1434 2971 1683 3062 exercuerint,
1709 2987 1748 3048 et
1769 2972 1919 3048 omnino

496 3071 695 3172 omniurn)
720 3076 838 3153 dedis
861 3075 910 3152 ita
935 3087 1142 3171 comparata
1167 3073 1225 3164 srt,
1260 3093 1300 3148 ur
1322 3087 1469 3166 tempus
1494 3079 1562 3148 toti
1584 3071 1669 3151 huic
1694 3088 1919 3150 commenta·

497 3175 591 3255 tionl
612 3179 801 3256 addictum
819 3179 883 3254 uix
907 3175 1085 3254 sufficeret
1104 3176 1151 3254 ad
1176 3176 1284 3252 solnm
1303 3172 1507 3270 Persepolis
1530 3173 1796 3252 illustrandam:
1831 3175 1920 3252 Am·

499 3276 670 3376 ptiffimns
692 3280 990 3377 Philosophorum
1015 3280 1113 3356 Ordo
1145 3304 1217 3354 non
1244 3279 1352 3378 plane
1383 3277 1530 3372 quidem
1555 3277 1704 3354 exclusrt
1726 3279 1821 3353 hanc
1844 3301 1921 3376 gra·

311 3355 315 3362 ¹
405 3447 412 3454 .
499 3377 1025 3458 viffimamfmonunrentorum
1051 3377 1271 3458 Perficorum
1303 3391 1463 3477 partem,
1499 3379 1577 3457 iure
1602 3403 1687 3459 vero
1714 3379 1784 3478 ipsa
1813 3403 1921 3476 quae·

455 3563 459 3568 ,
500 3479 616 3560 illone
643 3483 819 3584 propofitc
850 3482 1049 3562 coarctavit
1080 3505 1162 3560 earn
1193 3481 1290 3559 hisce
1321 3479 1461 3555 verbis:
1496 3479 1752 3582 Persepolitana
1780 3481 1923 3554 breviter

501 3595 635 3662 tontum
658 3587 891 3688 recenseantur.
943 3592 1047 3676 Quae
1071 3587 1217 3684 quidem
1241 3585 1320 3666 lex,
1355 3581 1377 3656 sr
1402 3581 1488 3679 qnid
1511 3584 1639 3670 video,
1671 3607 1742 3658 non
1767 3581 1837 3654 hoc
1861 3579 1922 3657 fibi

502 3686 595 3773 vult,
614 3698 657 3762 ut
679 3711 779 3764 mera
800 3685 989 3785 descriptio
1011 3688 1181 3764 ruderum
1207 3685 1392 3770 asseratur,
1420 3687 1553 3780 quippe
1571 3707 1664 3781 quae
1688 3683 1821 3760 nullius
1841 3683 1922 3760 usus

503 3787 601 3892 soret
625 3788 678 3864 rei
702 3787 901 3869 literariaer
941 3787 1001 3864 sed
1030 3789 1078 3863 ite
1103 3787 1301 3885 amplissimi
1320 3785 1461 3860 ordinis
1491 3783 1668 3866 voluntati
1698 3810 1757 3862 me
1777 3787 1922 3861 'larissa-

502 3899 647 3982 ctutum
676 3887 831 3986 speravi,
874 3889 898 3966 li
932 3891 1124 3987 praecipue
1153 3892 1457 3976 demonstrarem,
1497 3911 1591 3985 quae
1617 3889 1856 3985 praestiterint
1885 3887 1922 3966 iu

504 3987 784 4098 Persepolitmis
805 3991 1048 4072 describendis
1071 4008 1110 4070 et
1132 3991 1355 4096 explicandis
1379 3989 1444 4067 viri
1462 3989 1606 4100 eruditi
1631 3994 1681 4085 o).
1891 4087 1916 4166 1

544 4201 574 4268 a)
597 4195 732 4279 inprimit
751 4193 828 4278 apud
842 4169 949 4275 filiam·
962 4191 1092 4257 Hortarii.

545 4304 578 4384 ι)
598 4305 797 4387 Scriptorum,
817 4307 868 4387 qui
884 4303 920 4367 tle
938 4299 1236 4402 Perleppli'egtrunt,
1256 4283 1633 4380 conrnurrronrm‚'qurn
1656 4301 1712 4362 dne
1732 4279 1842 4358 ndissrre
1861 4311 1923 4356 ren·
1972 4379 1979 4388 .

587 4379 1926 4554 uertenteuttdulinuntur,terreretur‘⁶
2019 4453 2025 4462 -
