4364 5394
471 417 520 476 πο
557 396 666 484 l‘nne
694 401 737 478 ll.
762 399 920 471 Paneiou
948 419 1102 472 nonnae
1130 385 1432 472 oocrncuanuec.
1464 401 1610 494 Securo
1633 401 1659 475 l.
1687 405 1828 480 Penne.
1865 435 1869 446 »
1985 453 1992 462 ·

404 621 411 632 ·
473 595 616 696 depicta
648 594 708 673 est.
768 594 1021 697 Inscriptiones
1053 621 1161 698 quam
1197 597 1374 696 plurimae
1406 598 1826 697 depingendaerellant
1850 601 1925 695 r);,

472 725 519 778 ex
543 700 690 797 quibus,
714 713 882 777 accurate
903 702 1127 798 ‚depictis‘et
1153 702 1248 776 inter
1275 701 1309 775 se
1332 701 1488 804 collatis,
1524 724 1637 797 quum
1665 705 1780 781 multa
1807 701 1907 776 haud
1965 793 1968 798 Ι

474 802 586 879 dubie
607 803 683 898 peti
713 798 858 895 possint,
892 803 1003 898 digua
1026 801 1191 902 inprimis
1220 799 1274 886 est
1307 801 1399 877 haec
1429 803 1661 878 monumenti
1696 816 1777 902 pars
1807 815 1908 900 per'e·

368 917 371 925 “
425 951 434 984 ,-
474 905 656 1001 grinams
678 902 792 1006 futuri
817 903 1018 1004 diligentia.
1069 905 1257 982 Certiores
1282 905 1369 980 sacti
1395 903 1518 979 sumus
1543 902 1768 982 solummodo
1791 905 1838 978 de
1863 904 1909 978 iia
1984 993 1989 1000 ι

478 1003 743 1104 architecturae
767 1007 955 1100 operibus,
981 1027 1075 1104 quae
1090 1006 1200 1108 snpra
1220 1019 1311 1082 terro
1332 1011 1587 1082 inueniuntur:
1614 1029 1725 1082 nemo
1747 1026 1909 1104 unquam

478 1106 517 1186 in
543 1105 661 1196 lucem
687 1105 882 1204 protraxit,
916 1131 1011 1206 quae
1040 1109 1098 1183 vel
1124 1122 1218 1184 terra
1252 1107 1399 1193 obruta,
1433 1107 1492 1182 vel
1519 1101 1591 1202 ipsa
1620 1125 1699 1184 arte
1722 1108 1937 1210 subterra,

372 1303 374 1312 A
475 1208 622 1286 condita
647 1207 738 1284 sunt
795 1209 910 1286 Nlulta
932 1205 1012 1288 eius
1027 1209 1174 1304 generis
1196 1209 1338 1307 restare,
1364 1222 1402 1284 et
1421 1207 1513 1284 ratio
1540 1207 1651 1286 fidem
1676 1211 1782 1295 iacit,
1798 1209 1909 1306 vquod

477 1309 618 1406 semper
643 1310 721 1385 sere
736 1309 831 1402 talla
859 1311 1026 1388 aedificia
1049 1310 1109 1387 sna
1133 1321 1279 1409 quoque
1300 1309 1491 1390 hebebant
1513 1309 1762 1396 subterranea,
1788 1325 1827 1386 et
1850 1333 1910 1405 pe·

476 1413 721 1512 regrinntores
744 1433 812 1486 nos
836 1413 993 1496 edocent
1014 1416 1061 1500 r).
1121 1414 1227 1498 Multi
1258 1411 1393 1490 restant
1419 1414 1594 1501 cuniculi,
1639 1419 1718 1512 qui,
1746 1427 1787 1488 ut
1812 1411 1911 1498 vide·

475 1529 554 1614 tur,
591 1514 789 1590 cohaerent
812 1536 894 1590 cum
920 1515 990 1592 illis
1017 1513 1186 1610 sepulcris
1208 1516 1323 1591 monti
1346 1513 1488 1603 incisim
1515 1538 1625 1590 nemo
1655 1516 1815 1611 penitius
1844 1535 1910 1588 eos

475 1614 737 1708 investigavit.¹
767 1618 820 1693 lta
848 1638 916 1689 nec
940 1617 1173 1690 cohaerentia
1203 1615 1422 1718 singularum
1451 1615 1608 1690 aedisrcii
1631 1625 1786 1712 partium
1812 1615 1912 1692 iuda·

474 1728 559 1810 gata
584 1715 653 1802 est,
689 1712 834 1811 quaesi
862 1717 1106 1802 inveniretur,
1134 1717 1293 1795 multum
1319 1719 1460 1794 faceret
1483 1719 1530 1790 ad
1559 1717 1744 1794 consilium
1774 1717 1913 1796 certius

476 1811 754 1905 deliniendum,
791 1815 837 1890 ad
876 1820 974 1914 quod
1009 1817 1171 1894 inmensa
1200 1819 1292 1899 haec
1315 1831 1555 1895 monumenta
1584 1821 1785 1896 conllructa
1816 1819 1910 1896 sunt.

478 1916 826 2015 optandum'igitur
857 1919 927 2008 eli,
962 1933 1004 1996 ut
1026 1920 1324 2017 peregrinatoree
1340 1919 1454 1999 futuri
1483 1920 1529 1994 ad
1556 1923 1791 2018 eainprimie
1810 1927 1913 1996 men·

478 2031 556 2096 tem
584 2021 798 2106 advertant,
825 2042 920 2116 quae
949 2025 1022 2098 iam
1046 2021 1171 2112 minus
1195 2029 1341 2122 cognita
1372 2023 1444 2097 illic
1471 2021 1579 2096 uobis
1599 2023 1750 2100 restant.
1804 2024 1914 2098 Tem·

477 2119 780 2230 poris··angulliis
812 2119 1040 2210 solummodo
1067 2123 1293 2200 excusandus
1318 2122 1368 2198 est
1389 2123 1597 2212 Kinneirns,
1620 2128 1718 2221 qnod
1739 2147 1810 2205 una
1836 2135 1913 2199 tan·
1940 2151 1947 2163 ·

474 2238 559 2298 ium
592 2223 725 2320 pagina
758 2221 963 2322 Persepolin
1049 2223 1152 2302 solvit
1174 2231 1221 2318 t).
1282 2229 1401 2311 Quam
1435 2231 1596 2298 maxime
1623 2228 1820 2302 dolendum
1848 2223 1912 2310 est,
1962 2233 1972 2252 '

478 2323 850 2414 Mantolomaum
886 2333 1004 2423 primo
1061 2325 1215 2420 ropnsrto
1248 2326 1397 2411 stetisse,
1434 2323 1659 2402 describendi
1693 2325 1826 2402 scilicet
1855 2349 1912 2410 ea,

351 2498 352 2504 ,
479 2449 576 2523 quae
612 2451 633 2503 a
664 2427 995 2525 peregrinatorihus
1027 2429 1217 2525 hucusque
1246 2425 1364 2504 allent
1392 2425 1536 2512 omissa,
1574 2439 1614 2500 et
1640 2427 1841 2513 indicandi,
1873 2431 1913 2499 in

441 2577 445 2586 ·
479 2527 613 2626 quibus
638 2528 925 2625 discrepantium
956 2531 1168 2628 scriptorum
1206 2528 1366 2626 partibus
1391 2528 1554 2604 standum
1580 2529 1678 2609 ellet.
1728 2523 1913 2607 'Generair

406 2687 428 2718 ,.
479 2629 579 2806 assim
620 2629 700 2704 eius
740 2630 982 2733 descriptione
1026 2633 1117 2708 nihil
1164 2631 1368 2727 lucramur3
1414 2627 1590 2707 notilhma
1629 2635 1764 2742 iterum
1805 2629 1912 2708 uobis

400 2791 405 2801 .
483 2743 700 2810 oeruutur.
1332 2783 1334 2789 »

754 3017 756 3022 .
863 2919 870 2926 '
1000 2891 1395 3036 cumscriptio.
1890 2998 1977 3041 .-

582 3059 802 3140 Aedificinm
832 3081 878 3134 ex
914 3059 1021 3151 nigro
1047 3079 1248 3144 marmore,
1282 3061 1379 3156 quod
1410 3057 1553 3136 vicinus
1576 3079 1686 3134 mone
1713 3057 1912 3156 suppedita·
2040 3113 2042 3116 -

413 3247 416 3257 Δ
478 3163 560 3250 hat,
594 3185 636 3238 ea
670 3175 749 3239 arte
782 3160 1030 3264 constructum¹
1057 3160 1126 3246 eli,
1163 3175 1210 3236 ut
1230 3162 1356 3236 multis
1384 3163 1544 3259 partibus
1571 3163 1633 3238 uix
1663 3163 1793 3238 rimam
1827 3183 1911 3255 cog·

416 3309 425 3322 =
480 3287 613 3340 noscas
640 3265 737 3341 inter
767 3267 939 3359 ingentes
968 3260 1049 3336 illas'
1078 3261 1198 3340 moles
1232 3262 1477 3346 marmoreas,
1511 3261 1584 3340 sme
1618 3263 1690 3339 ullo
1717 3268 1911 3340 caemento

482 3365 638 3442 iunctas.
690 3368 823 3444 Totum
848 3385 958 3459 opus,
994 3364 1097 3442 cuius
1124 3366 1299 3461 quadrata
1330 3363 1408 3440 fere
1435 3363 1486 3440 est
1512 3363 1650 3455 forma,
1684 3364 1912 3462 arnulli-qui·
2042 3419 2046 3426 .

384 3462 391 3493 ¹
484 3467 570 3542 dem
588 3468 670 3544 ‘non
703 3467 844 3564 semper
868 3466 1025 3553 seruata,
1059 3487 1199 3542 murus·
1218 3491 1264 3540 ex
1291 3469 1392 3553 omni
1415 3469 1586 3563 regione,
1619 3483 1773 3564 excepto
1797 3467 1937 3541 latere·
1977 3539 1984 3548 ,

361 3628 371 3637 -
482 3567 668 3658 orientali,
695 3568 915 3654 circumdat,
942 3566 1003 3665 dui
1030 3590 1049 3641 a
1074 3567 1388 3667 septentrionead
1411 3571 1602 3646 meridiem
1628 3571 1836 3655 sexcentos,
1864 3566 1911 3640 ab
1987 3655 1990 3661 Ι

481 3671 675 3748 accidente
704 3695 790 3746 vero
822 3671 1097 3754 adorientem,
1129 3693 1200 3768 qua
1236 3689 1349 3745 mons
1374 3693 1479 3746 muro
1503 3669 1614 3745 linem
1635 3670 1794 3766 inponit,
1826 3691 1916 3764 qua·

480 3771 695 3891 dringentos
722 3769 1010 3864 circuenp‘alius
1037 3786 1180 3870 aequat.
1234 3771 1364 3846 Totius
1391 3774 1572 3868 operiam
1597 3773 1750 3847 sormam
1776 3771 1919 3845 theatri

345 3929 350 3939 .
479 3871 603 3950 liructr
624 3887 699 3949 tres
726 3875 876 3951 omuino
900 3871 980 3946 sunt
1002 3885 1144 3966 partes,
1172 3895 1324 3968 quarum
1347 3875 1459 3950 altera
1477 3876 1589 3952 altera
1611 3873 1830 3948 eminentior
1848 3873 1909 3952 est.
1956 3889 1958 3892 ’
2007 3889 2016 3898 “

401 4019 405 4022 -
478 3961 625 4071 Duplex
650 3973 739 4050 scala
769 3975 817 4050 ita
843 3989 1073 4072 comparata,
1109 3981 1149 4051 ut
1179 3975 1308 4052 decem
1342 3983 1504 4072 equites,
1530 4001 1605 4051 uno
1631 3976 1728 4050 iuxta
1754 3976 1908 4051 alterum
1944 4041 1950 4058 .

477 4077 618 4166 locato,
644 4075 718 4155 line
746 4075 908 4154 molestia
940 4075 1136 4154 ascendere
1166 4099 1265 4213 eam!
1282 4075 1427 4224 pollint,
1456 4079 1604 4156 aditum
1629 4077 1675 4156 ad
1701 4077 1910 4280 inseggppgffl

518 4375 554 4456 r)
576 4359 740 4441 hrenum
763 4379 800 4444 ri:
823 4399 853 4462 p.
874 4390 942 4454 150.
1224 4373 1255 4454 si
1278 4381 1448 4441 cernamur
1470 4376 1550 4464 vill.
1566 4337 1599 4464 p.
1619 4395 1690 4459 sap.

519 4483 547 4568 ⁸)
568 4501 600 4565 r·
624 4498 673 4562 77·
1100 4501 1126 4596 j
1191 4479 1309 4602 'riu
1345 4499 1413 4560 ¹29·

542 4589 550 4604 X
