4364 5394
473 452 522 510 ιο
560 431 668 516 ¹Paua
696 435 738 512 A.
763 433 922 506 Phasma
949 451 1104 504 renuas
1132 452 1434 506 occroauuunes.
1466 435 1612 528 Sacrrd
1634 433 1661 508 ι.
1689 437 1830 513 Panare.

406 657 412 666 ·
475 581 618 729 depicta
649 628 729 708 est.
769 581 1023 731 lnsrriptiones
1054 655 1163 730 quam
1199 631 1376 730 plurimae
1408 631 1675 729 depingendae
1693 633 1827 709 rellant
1852 635 1926 722 r);

474 759 521 813 ex
545 734 691 852 quibus,
715 747 884 810 accurate
905 735 1082 832 depictis
1091 747 1129 810 et
1155 735 1249 809 inter
1276 733 1311 808 se
1334 733 1489 836 collatis²
1526 757 1639 830 quum
1667 738 1781 822 multa
1809 734 1909 810 haud
1967 825 1971 830 Ι

475 836 588 914 dubie
609 837 684 932 peti
715 832 860 929 polsrnt,
894 837 1037 932 digua
1028 836 1194 936 inprimis
1222 831 1276 918 est
1309 835 1401 910 haec
1431 837 1663 912 mouumenti
1698 861 1779 934 pers
1809 847 1910 952 pere·

369 952 374 976 ²
427 1010 429 1020 ,
476 939 658 1050 griuautis
680 937 794 1038 sutori
819 937 1020 1038 diligentia.
1072 937 1258 1015 Certiores
1284 939 1339 1012 sac
1344 941 1371 1012 ti
1397 936 1520 1012 sumus
1544 934 1779 1016 ιοιιιιιιιιιοιιο
1793 937 1874 1012 de'
1865 935 1911 1011 ris
1987 1025 1993 1032 ‚

430 1133 431 1136 Ἴ
480 1029 745 1116 architecturae
769 1041 957 1134 operibus,
983 1061 1077 1138 quae
1092 1039 1237 1142 suprot
1237 1065 1313 1116 erro
1334 1044 1589 1114 inveniuntur.
1616 1061 1726 1114 nemo
1749 1057 1911 1137 unquam

480 1141 519 1218 iu
545 1125 663 1230 luceio
690 1141 884 1238 protraxit,
919 1156 1013 1260 quae
1042 1143 1100 1217 vel
1122 1155 1220 1216 rena
1254 1141 1401 1226 obruta,
1435 1139 1494 1216 vel
1522 1137 1593 1236 ipsa
1623 1157 1701 1217 arte
1724 1141 1809 1242 sub
1818 1153 1939 1228 terru,

477 1243 624 1322 condita
649 1241 741 1318 suut.
796 1243 911 1319 Multa
934 1265 1177 1338 erusgenerrs
1198 1242 1340 1332 restare,
1365 1241 1515 1318 erratio
1542 1241 1653 1319 fidem
1678 1244 1801 1328 sarit,
1800 1241 1911 1338 quod

374 1341 376 1348 ’
478 1343 620 1462 semper
645 1345 723 1420 sere
749 1344 834 1436 talia
861 1345 1028 1422 aedilicia
1051 1343 1112 1421 sua
1135 1355 1280 1442 quoque
1302 1341 1493 1423 habebant
1515 1342 1764 1430 subterranea,
1790 1357 1829 1419 et
1851 1365 1912 1438 pe

478 1448 723 1548 regrinatores
746 1450 814 1520 nos
838 1447 994 1527 edocent
1016 1450 1063 1534 r).
1122 1447 1229 1532 Multi
1261 1445 1395 1524 restant
1421 1447 1596 1535 cuniculi,
1641 1452 1720 1547 qui,
1748 1459 1790 1521 ut
1814 1443 1913 1522 vide·

477 1563 557 1638 tur,
593 1549 791 1624 cohaerent
814 1571 896 1623 cum
922 1549 992 1626 illis
1019 1547 1188 1644 sepulcris
1210 1549 1325 1625 monti
1348 1547 1489 1635 ιιιιιιες
1517 1571 1627 1624 nemo
1657 1549 1817 1644 penitius
1846 1567 1912 1620 eos

477 1648 739 1744 investigarit.
767 1653 822 1727 lta
850 1672 919 1724 nec
942 1651 1175 1724 cohaerentia
1205 1649 1424 1752 fingularurn
1453 1649 1610 1724 aedificii
1633 1658 1789 1745 partium
1814 1649 1914 1724 inda

476 1763 561 1845 gata
586 1751 655 1837 est,
692 1770 786 1846 quae
810 1746 836 1822 ιι
864 1751 1108 1836 inveniretur,
1135 1751 1295 1828 mustum
1321 1731 1462 1827 faceret
1485 1752 1532 1824 ad
1561 1750 1746 1828 ιοιιιιιιιιιιι
1777 1749 1915 1826 certius
1944 1795 1974 1815 .-

479 1847 757 1940 defioiehdum,
793 1851 839 1925 ad
878 1854 976 1947 quod
1012 1851 1174 1927 inmensa
1192 1853 1294 1928 haec
1317 1864 1557 1930 monumenta
1586 1853 1787 1930 constructa
1818 1851 1912 1929 sunt.

480 1953 704 2050 Optandum
716 1949 828 2046 igitur
859 1953 930 2042 est,
964 1967 1006 2030 ut
1029 1954 1328 2051 peregrinatone
1342 1952 1456 2030 futuri
1485 1953 1531 2028 ad
1558 1977 1599 2029 ea
1623 1956 1793 2050 inprimis
1813 1975 1916 2027 men·

481 2065 558 2130 tem
586 2056 801 2140 advertant,
828 2077 922 2150 quae
951 2059 1024 2132 iam
1048 2055 1173 2146 minus
1197 2063 1344 2151 cognita
1374 2057 1447 2130 illic
1474 2053 1581 2130 'nohis
1609 2057 1752 2132 restant
1806 2057 1916 2132 Tem·

479 2157 593 2254 poris
608 2153 783 2264 angustiis
815 2153 1042 2246 solummodo
1069 2179 1160 2232 excu
1165 2157 1301 2234 s-andus
1320 2155 1370 2233 est
1392 2155 1599 2245 Kinneirus,
1622 2161 1721 2254 quod
1742 2181 1812 2236 ona
1830 2168 1916 2231 tan·
1944 2183 1949 2194 ·

455 2273 562 2357 'tum
595 2244 728 2354 pagina
761 2255 965 2357 Persepolin
1052 2257 1154 2336 soluit
1176 2265 1252 2352 ι).
1285 2262 1403 2346 Quam
1438 2264 1598 2332 maxime
1625 2261 1823 2336 dolendum
1851 2255 1915 2341 est,
1965 2265 1974 2284 ’

481 2358 683 2438 Morierum
711 2361 750 2449 ιι)
780 2383 853 2437 uon
889 2368 1006 2458 primo
1063 2360 1217 2454 roposrto
1250 2360 1399 2444 stetisse,
1437 2357 1661 2435 describendi
1696 2357 1828 2435 scilicet
1858 2382 1914 2443 ea,

482 2484 578 2558 quae
614 2486 635 2538 a
666 2461 998 2560 peregrinatorihus
1029 2464 1219 2559 hucusque
1249 2461 1367 2537 essent
1394 2458 1539 2545 omissa,
1577 2471 1616 2534 et
1642 2460 1844 2546 indicandi,
1875 2464 1916 2532 in

444 2612 446 2622 ·
481 2563 615 2659 quibus
640 2563 927 2660 discrepantium
959 2565 1170 2662 scriptorum
1208 2562 1369 2659 partibus
1393 2513 1557 2638 standum
1582 2562 1680 2642 esser.
1740 2557 1916 2640 Generasr

408 2741 417 2755 „
482 2665 581 2841 elim
622 2663 703 2740 eius
743 2665 985 2767 descriptione
1029 2666 1120 2742 nihil
1166 2665 1370 2760 lucramur3
1416 2660 1593 2742 notiffima
1631 2667 1766 2776 iterum
1808 2663 1915 2740 nobis

403 2827 407 2837 .
485 2779 744 2844 oeruutur.

866 2954 873 2961 ’
1002 2970 1077 3044 IV.
1131 2897 1397 3068 Descriptio.

585 3051 805 3174 Aedilicium
834 3115 881 3168 ex
915 3093 1023 3185 nigro
1049 3113 1250 3178 marmore,
1285 3094 1382 3189 quod
1413 3090 1556 3168 vicinus
1578 3113 1688 3174 mons
1716 3089 1915 3189 suppedita-
1967 3063 1981 3074 ”

474 3197 562 3296 hat,
597 3221 638 3274 ea
673 3212 752 3274 arte
785 3195 1029 3272 constructum
1060 3193 1129 3279 eil,
1166 3209 1207 3272 ut
1233 3195 1358 3270 multis
1387 3196 1547 3292 partibus
1574 3195 1636 3270 vix
1666 3195 1795 3272 rimam
1830 3215 1914 3288 cog·

419 3344 428 3358 =
483 3321 616 3375 noscas
643 3300 740 3376 inter
770 3301 942 3394 ingentes
970 3287 1052 3370 illas
1081 3295 1201 3374 moles
1235 3295 1480 3379 marmoreas
1514 3295 1587 3372 fine
1621 3297 1693 3372 uilo
1720 3301 1917 3373 caemento

486 3400 641 3477 iunctas.
693 3403 826 3479 Totum
851 3421 960 3494 opus,
997 3399 1100 3476 cuius
1127 3399 1302 3495 quadrata
1333 3397 1411 3474 fer'e
1437 3397 1489 3474 est
1515 3399 1652 3488 forma,
1687 3397 1833 3474 amussi·
1819 3397 1916 3494 ·qui·

389 3496 395 3514 '
487 3502 595 3578 dem
599 3526 673 3580 uon
706 3503 846 3598 semper
871 3500 1028 3588 seruata,
1062 3521 1202 3575 murus·
1221 3524 1267 3575 ex
1294 3503 1395 3586 omni
1418 3503 1589 3597 regione,
1622 3516 1776 3597 excepto
1800 3501 1940 3574 latere·
1968 3571 1985 3584 ,,

355 3663 373 3680 ..
485 3603 671 3692 orientali,
698 3603 918 3688 circumdat,
946 3601 1007 3700 q‘oi
1033 3625 1052 3676 a
1078 3601 1321 3702 septentrione
1345 3604 1391 3679 ad
1414 3605 1605 3680 meridiem
1631 3604 1839 3687 sexcentos,
1866 3598 1914 3672 ab
1990 3687 1992 3693 s

404 3753 409 3760 ·
484 3706 678 3783 occidente
707 3731 793 3782 vero
826 3709 872 3780 ad
899 3705 1101 3788 orientem
1132 3727 1203 3801 qua
1239 3723 1352 3779 mons
1376 3725 1483 3780 muro
1505 3703 1618 3778 linem
1638 3703 1797 3799 inponit
1829 3724 1919 3797 qua·

483 3807 698 3926 dringeutos
725 3807 880 3888 circiter
895 3803 1013 3899 panos
1040 3819 1183 3904 aequat.
1237 3805 1367 3880 'satiras
1395 3814 1515 3901 operis
1539 3808 1575 3880 in
1600 3805 1753 3880 sormam
1779 3803 1922 3878 theatri,

349 3965 353 3976 .
483 3907 606 3984 structi
628 3923 702 3984 tres
729 3911 879 3984 omnino
903 3905 984 3980 sunt
1005 3921 1147 4001 partes
1175 3929 1327 4002 quarum
1351 3908 1462 3982 altera
1481 3909 1592 3984 altera
1614 3927 1834 3982 ειιιιιιειιιιοι
1851 3905 1912 3986 eli
1958 3907 1961 3914 ⁴
2010 3923 2019 3930 ·

481 4009 628 4107 Duplex
653 4009 742 4086 scala
772 4009 821 4084 ita
846 4024 1077 4106 comparata,
1112 4023 1153 4085 ut
1183 4009 1312 4085 decem
1346 4027 1508 4104 equites,
1534 4033 1608 4084 uno
1633 4009 1731 4084 iuxta
1756 4009 1911 4084 alterurn
1947 4075 1952 4092 .

481 4112 621 4200 locato,
647 4111 721 4190 fine
749 4109 911 4256 molestia
943 4109 1139 4188 ascendere
1170 4133 1253 4188 earn
1258 4109 1431 4258 possunt,
1467 4071 1607 4188 aditum
1632 4109 1678 4189 ad
1694 4111 1913 4300 ιιιιιιιοὶειιι

964 4257 970 4268 ¹
1425 4247 1428 4252 ·
1772 4235 1835 4313 par
1855 4234 1913 4288 em

521 4411 558 4489 r)
579 4393 744 4476 ’Νιειιιιιιι
767 4415 804 4479 11:
827 4433 857 4496 p.
878 4416 946 4488 156.
1227 4407 1259 4487 ti
1282 4415 1451 4474 CHAWN
1474 4410 1553 4498 Vm
1576 4433 1603 4497 p.
1622 4427 1693 4493 ιιι·

523 4517 554 4640 ep
572 4537 603 4600 ρ.
627 4533 677 4596 ῃ.
1103 4530 1129 4630 J
1194 4513 1313 4636 'eir
1349 4533 1417 4595 uo·
