4364 5394
477 453 504 528 4
578 431 673 510 Pure
701 439 743 516 A.
768 435 1106 512 reseruemus
1133 455 1433 510 occiperesucse.
1465 437 1606 512 Ssenro
1634 439 1661 514 l.
1688 440 1828 516 Petere.
1893 459 1898 470 ·

479 631 593 738 eden,
631 655 787 732 quorum
820 634 961 712 mentio
994 635 1038 711 tit
1066 634 1167 736 epod
1200 647 1345 714 veteres
1376 636 1580 716 occidentis
1614 651 1655 716 et
1690 633 1843 714 orientis
1870 639 1904 730 s)

470 733 693 834 scriptores,
723 737 872 812 minima
894 735 1041 820 'tuntum
1064 761 1149 836 purs
1171 739 1321 815 inventa
1350 739 1423 815 ium
1448 738 1517 820 elie
1551 762 1683 818 caveas
1707 763 1814 836 vero,
1845 761 1905 822 ne,

479 849 575 938 duee
600 837 728 928 latent,
752 839 923 922 interiisse
945 855 1053 938 putes
1073 840 1209 918 omniu.
1261 838 1377 918 Persis
1402 853 1442 914 ut
1462 842 1647 918 veteribus
1669 865 1794 939 parum
1817 853 1906 916 notu
1954 921 1960 930 ,

482 951 580 1028 erat,
611 941 662 1018 ite
684 941 789 1018 nobis
813 961 961 1042 quoque
986 967 1032 1020 ex
1056 955 1159 1040 parte
1181 954 1325 1018 tantum
1345 947 1557 1040 percognita
1583 942 1643 1020 est.
1696 945 1818 1029 Quum
1842 964 1908 1030 ne·

482 1065 545 1119 mo
567 1041 647 1121 sere
674 1043 987 1139 peregrinatorum
1015 1070 1035 1120 a
1063 1043 1121 1123 via
1148 1049 1335 1120 communi
1357 1043 1593 1126 deflecteret,
1620 1067 1734 1141 pauca
1762 1056 1908 1118 tantum

335 1163 343 1174 ’
482 1157 626 1242 praeter
649 1169 692 1220 ea
708 1169 769 1220 rex
797 1147 958 1223 tenebris
989 1145 1222 1244 prodierunt,
1248 1165 1342 1243 quae
1372 1147 1515 1222 obuiam
1540 1145 1725 1221 habebunt
1749 1143 1795 1242 ab
1823 1143 1910 1220 issu·

481 1247 581 1322 neno
605 1245 810 1324 Schirasum
838 1247 1131 1346 proficiscentes,
1161 1249 1321 1346 indeque
1348 1263 1493 1344 portum
1519 1261 1687 1346 petentes
1709 1245 1806 1322 sinus
1827 1247 1911 1340 Per·
2027 1262 2033 1274 ·

482 1341 552 1424 sici.
614 1345 731 1462 {¹⁶ssss
760 1349 870 1446 igitur
903 1375 987 1450 prae
1009 1345 1152 1428 'ceteris
1186 1351 1295 1444 digna
1333 1349 1385 1426 est
1425 1373 1519 1446 quae
1550 1349 1756 1428 accuratius
1789 1346 1945 1424 adhuc·
2019 1345 2024 1353 '

483 1447 746 1549 perscrutetur,
797 1453 952 1550 primum
1000 1455 1097 1548 quod
1143 1452 1311 1548 primaria
1358 1465 1437 1534 erat
1468 1465 1599 1544 term,
1637 1451 1796 1544 ideoque
1835 1448 1913 1546 plu·

481 1551 574 1630 rime
615 1575 732 1650 eaque
774 1552 1063 1650 praestantissima
1106 1566 1347 1654 monumenta
1371 1553 1444 1656 fibi
1482 1555 1597 1630 lutere
1635 1550 1807 1628 credibile
1842 1547 1910 1630 eru

483 1653 617 1731 'deinde
662 1653 762 1750 quod
803 1681 850 1730 ex
894 1663 974 1733 eius
1016 1659 1266 1733 monumentis
1305 1653 1514 1730 Persarum.
1537 1653 1625 1730 artis
1666 1654 1810 1728 indoles
1852 1675 1913 1746 op

327 1793 340 1825 ι
380 1803 385 1816 ·
484 1751 576 1832 time
600 1751 826 1854 perspicitur,
858 1777 971 1854 quum
997 1757 1091 1832 haec
1116 1769 1211 1832 terra
1245 1759 1327 1836 sere
1345 1755 1454 1832 libera
1484 1757 1592 1842 suerit
1621 1755 1666 1832 ab
1689 1769 1839 1836 externa
1865 1751 1928 1835 vi..

488 1878 601 1954 quum
623 1855 785 1954 reliquae
808 1869 928 1936 terrae
947 1871 1278 1956 omnesssexpertae
1297 1857 1397 1942 sume
1424 1859 1568 1960 accedit
1590 1857 1687 1954 quod
1707 1854 1743 1932 in
1767 1855 1812 1930 iis
1830 1851 1914 1950 ipsis

487 1959 741 2035 monumentis
769 1961 962 2054 qune'ium
988 1961 1137 2037 inventa
1169 1976 1207 2037 et
1228 1959 1410 2056 descripta,
1428 1959 1673 2047 suutpwmulta
1702 1954 1915 2058 praestanda
2003 2011 2008 2022 .

457 2111 463 2118 -
488 2057 976 2178 restantperegrinatoribus
1000 2061 1151 2147 suturis,
1184 2057 1324 2148 nonnisi
1343 2061 1468 2140 obiter.
1486 2059 1584 2147 enim
1609 2084 1735 2139 eorum
1761 2059 1915 2160 plurima

489 2183 739 2264 cognovimus.
1453 2175 1464 2190 ”
1538 2183 1540 2188 ’

935 2408 1333 2500 «ΜΗ
1379 2418 1587 2499 1

581 2559 996 2692 Peeseposse
1046 2569 1247 2670 uulgo
1306 2563 1829 2674 Ueliis-Minoe.

951 2749 1469 2792 ..p—..n--u-J-u-—mffl

595 2919 838 2998 Monumentu
871 2919 1173 3014 &depulimus
1205 2932 1281 2990 tora
1314 2915 1429 2990 Persia
1465 2917 1572 2990 facile
1608 2911 1919 3011 praestantiffima,

496 3041 610 3116 quum
636 3033 692 3098 tot
716 3023 942 3099 eruditorum
966 3013 1235 3094 clarissimorum
1259 3013 1404 3110 ingenia
1433 3017 1681 3106 exercuerint,
1707 3016 1918 3091 eromuino

495 3118 694 3220 disquisitio
719 3121 837 3200 dedis
859 3121 909 3198 itu
934 3131 1142 3216 comparata
1166 3118 1224 3208 sit,
1258 3138 1299 3194 ue
1320 3133 1467 3211 tempus
1493 3123 1560 3194 toti
1584 3115 1667 3195 hnic
1693 3131 1918 3194 commenta·

495 3221 589 3301 tloni
611 3225 800 3302 addictum
821 3225 881 3300 vix
906 3221 1084 3300 sufficeret
1103 3222 1150 3298 ad
1175 3221 1283 3298 solem
1302 3217 1506 3315 persepolin
1529 3217 1795 3295 illustrandam:
1830 3219 1919 3296 Aue·

497 3323 669 3424 plildmus
691 3326 989 3424 Philosophorum
1014 3326 1112 3403 Ordo
1143 3349 1216 3400 non
1243 3324 1351 3422 plane
1381 3323 1528 3418 quidem
1554 3321 1703 3398 exclusit
1724 3323 1820 3396 hanc
1844 3344 1920 3420 gra·

309 3403 314 3411 ’
404 3493 410 3502 .
498 3423 671 3506 uiffimum
702 3443 1024 3505 monumentorum
1049 3423 1270 3504 Perficocum
1302 3435 1461 3522 purtem,
1498 3423 1576 3502 iure
1601 3447 1686 3500 veru
1713 3423 1783 3522 ipsa
1812 3446 1919 3520 quae·

499 3525 615 3608 itione
642 3527 818 3630 proposita
849 3528 1048 3608 coarctavit
1079 3551 1161 3605 eam
1192 3527 1289 3604 hisce
1320 3513 1460 3601 verbis:
1487 3525 1750 3626 ¹Persepole'tuuu
1779 3527 1922 3600 breuiter

500 3641 634 3709 tunium
656 3633 890 3734 recenseantur.
942 3639 1046 3723 Quae
1070 3632 1216 3730 quidem
1240 3629 1318 3712 lex,
1353 3625 1376 3702 fi
1400 3625 1487 3725 quid
1510 3629 1638 3715 video,
1670 3651 1741 3701 non
1766 3625 1836 3698 hoc
1860 3623 1921 3698 silli

500 3733 594 3820 vult,
613 3744 656 3809 ut
678 3757 778 3810 mera
799 3733 988 3832 descriptio
1010 3733 1180 3809 ruderum
1205 3731 1391 3814 afferatur,
1419 3731 1553 3826 quippe
1570 3751 1663 3826 quae
1687 3727 1820 3804 nullius
1840 3727 1922 3804 usus

501 3833 599 3939 soret
624 3833 677 3910 rei
701 3833 899 3915 literariaer
939 3833 1000 3910 sed
1029 3835 1077 3909 ita
1102 3831 1300 3930 amplissimi
1318 3830 1461 3905 ordinis
1489 3829 1667 3908 voluntati
1697 3855 1757 3914 me
1777 3831 1921 3906 'satissa-

501 3943 646 4030 ctutum
675 3933 830 4034 speravi,
873 3935 897 4012 ll
931 3937 1123 4033 praecipue
1152 3936 1456 4022 demonstrarem,
1496 3957 1590 4030 quae
1616 3935 1856 4030 praestiterint
1884 3931 1922 4010 in

503 4031 782 4144 Persepolimnse
804 4037 1047 4118 describendis
1070 4053 1109 4116 et
1131 4037 1355 4140 explicandis
1378 4035 1443 4112 viri
1462 4034 1605 4142 eruditi
1630 4040 1680 4130 o).
1891 4131 1916 4210 1

544 4245 573 4316 e)
596 4241 731 4326 lopeimie
750 4239 827 4325 epod
841 4215 948 4322 fissures
961 4237 1091 4303 Heueele’.
1532 4327 1540 4340 ὓ
1787 4323 1795 4334 ·

544 4351 577 4430 ι)
597 4351 796 4434 Scriptorum,
815 4351 868 4434 qul
883 4349 919 4414 de
937 4345 1080 4428 Persepoli
1094 4351 1235 4422 eguerint,
1256 4349 1526 4414 euuendrrtioneen,
1545 4361 1633 4424 quern
1656 4345 1711 4406 siue
1732 4341 1841 4402 edieete
1861 4357 1923 4400 ren·

587 4427 652 4492 sucu
674 4431 816 4494 dederunt
840 4436 979 4494 Menses
1001 4425 1236 4510 (lisiiursusu'll.
1262 4431 1286 4489 1.
1303 4443 1333 4494 u.
1357 4447 1384 4506 p.
1403 4433 1471 4506 ur.)
1493 4440 1522 4486 ee
1544 4428 1708 4504 Lusiones
1730 4423 1871 4508 (uoyeger
1890 4423 1926 4484 ele
1971 4421 1978 4430 “
2019 4495 2025 4506 ,

587 4509 720 4580 wer·
738 4513 783 4582 T.
796 4517 876 4582 vlit.
901 4533 929 4600 p.
945 4514 1056 4594 245).
1075 4527 1165 4594 quem
1181 4510 1306 4572 maxime
1326 4505 1561 4587 merrtem-esse,
1574 4505 1658 4570 sutile
1675 4508 1836 4590 apparebit.
