4436 5388
436 573 443 590 .
517 516 591 587 12‘6
641 503 791 584 sontii.
814 455 1366 578 Psxrrsnraxxrrocctuexr.
1392 493 1604 580 sncmoiii.
1631 473 1945 590 Msnernorrx.
1986 569 1990 574 .

466 683 630 794 fiori&
658 663 788 808 optimi
800 704 975 805 Saporis,
1005 693 1133 804 regum
1164 701 1263 802 regis
1285 703 1426 784 sranius
1452 719 1491 786 et
1514 653 1737 796 Aoir‘aniae.
1770 665 1948 806 germfflg
1972 683 1999 758 “,

494 809 684 894 ².coe1eitis
708 834 755 888 ex
781 807 889 898 uiis.
908 815 1054 908 nepotis
1081 809 1211 908 optimi
1236 809 1478 902 Hormisdae‚
1511 833 1642 908 regum
1669 812 1767 910 regis
1789 807 1861 926 s).
1901 825 1904 832 '

492 1027 498 1036 “
617 1012 849 1094 Reserandae
877 1009 986 1112 igitur
1015 1009 1101 1088 suot
1124 1011 1256 1089 ambae
1283 983 1533 1112 inscriptiones
1558 1011 1604 1090 ad
1628 1035 1758 1112 reges,
1788 1035 1946 1112 quorum

354 1151 359 1160 ·
430 1083 436 1098 ⁸
471 1121 496 1170 1‘
514 1115 663 1216 utrique
695 1139 832 1192 nornen
861 1129 942 1192 erat
968 1113 1129 1214 Saporis.
1188 1116 1311 1201 Quum
1341 1129 1428 1191 veru
1459 1129 1535 1194 tres
1566 1141 1587 1189 e
1613 1115 1719 1216 stirpe
1745 1115 1947 1193 Sassanida.

508 1211 599 1296 'rum
626 1217 678 1294 ita
708 1217 957 1318 appellentur,
993 1219 1039 1298 ad
1071 1240 1163 1314 quos
1189 1239 1315 1296 eorum
1345 1217 1562 1319 referendae
1583 1213 1669 1307 ssot,
1694 1219 1803 1296 facile
1822 1221 1947 1296 discas

431 1380 436 1392 .
497 1331 565 1396 ¹'ex
589 1341 716 1398 eorum
747 1320 921 1418 epithetis
948 1319 986 1395 in
1014 1319 1308 1417 inscriptionibus
1335 1321 1463 1406 obuiis.
1524 1318 1710 1416 Inscriptio
1732 1323 1755 1398 i.
1782 1321 1969 1420 appellat
1998 1337 2006 1352 ·

515 1421 714 1519 Saporem,
742 1422 857 1500 sisium
881 1421 1049 1520 Saporis,
1072 1437 1247 1519 nepotem
1271 1422 1504 1500 Hormisdae.
1565 1427 1793 1520 Quapropter
1813 1425 1947 1500 resera·

515 1533 576 1600 tur
605 1524 748 1602 necesse
776 1524 826 1602 est
849 1523 1087 1622 adsaporato
1109 1523 1172 1614 II,
1204 1525 1262 1602 cui
1288 1549 1495 1622 cognomen
1528 1539 1607 1602 etat
1636 1523 1850 1623 Diulastuf,
1882 1523 1948 1624 qui

513 1623 713 1704 secundum
744 1627 919 1724 plurimos
947 1626 1138 1727 scriptores
1172 1627 1328 1704 inde-ab
1356 1651 1376 1702 a
1409 1653 1443 1726 p.
1474 1627 1561 1704 Chr.
1589 1649 1626 1703 o.
1659 1649 1731 1718 309
1759 1625 1947 1723 usquead

373 1773 376 1785 ·
482 1740 592 1818 :380
619 1735 802 1823 regnavitr
838 1729 1026 1814 hicjenim
1056 1728 1154 1805 filius
1184 1743 1264 1806 erat
1281 1731 1524 1819 Hormisdou,
1555 1752 1674 1824 nepos·
1697 1727 1859 1803 Narsetis
1882 1729 1944 1821 m).

511 1828 699 1928 inscriptio
725 1831 769 1910 ii.
805 1829 996 1928 adquam
1029 1829 1222 1908 reserenda
1253 1827 1314 1920 sit,
1356 1829 1429 1912 iam
1468 1853 1516 1908 ex
1552 1828 1623 1926 ipsa
1663 1825 1748 1908 satis
1782 1846 1946 1928 apparet,

514 1931 649 2030 quippe
674 1934 712 2007 in
741 1951 811 2030 qua
836 1933 1005 2030 Saporis,
1044 1933 1092 2011 ad
1125 1955 1236 2032 quem
1271 1931 1461 2010 reserenda
1492 1929 1565 2018 est,
1596 1927 1815 2038 Hormisdou
1843 1931 1947 2012 audit

491 2051 622 2120 urus,
659 2035 721 2130 qui
744 2035 909 2130 Saporis,
950 2034 989 2114 in
1015 2035 1122 2134 priori
1147 2033 1379 2134 inscriptione
1408 2029 1607 2124 nominati,
1636 2043 1740 2130 pater
1764 2035 1947 2133 praedica·

510 2145 582 2214 tur.
633 2134 747 2218 Filius
774 2133 886 2235 igitur
913 2135 974 2214 hic
1004 2138 1100 2214 iliius
1123 2139 1235 2216 suerit
1261 2136 1404 2216 necesse
1426 2137 1496 2222 estr
1535 2133 1876 2238 iudicatginsoriptio
1901 2137 1943 2216 ss.

511 2235 676 2338 Soporem
698 2239 783 2328 lit,
808 2237 923 2316 sisium
950 2241 1173 2338 Saponis,
1204 2253 1379 2338 nepotem
1401 2237 1644 2328 Hormisdaer
1669 2241 1836 2334 regnavit
1857 2237 1946 2316 inde

510 2341 558 2417 ab
587 2361 610 2418 a
638 2365 673 2438 p.
693 2343 781 2420 Chr.
812 2365 850 2420 n.
875 2357 944 2433 385
979 2365 1097 2441 usque
1125 2343 1172 2418 ad
1199 2355 1285 2434 389·
1336 2341 1416 2418 Nec
1442 2343 1550 2428 iliud,
1576 2339 1684 2438 quod¹
1704 2341 1822 2437 Sapor
1850 2341 1945 2422 uitet

284 2439 290 2446 ’
348 2499 352 2506 -
494 2443 669 2538 ,aiterum
692 2446 730 2522 ia
756 2443 910 2550 imperio
935 2467 1011 2522 uon
1038 2445 1201 2542 excepit,
1229 2442 1289 2519 sed
1310 2443 1507 2520 distentum
1534 2443 1607 2519 suit
1636 2442 1828 2540 utriusque
1850 2440 1946 2542 regi·

510 2569 599 2624 meu
630 2568 694 2643 per
721 2545 934 2626 Artaxerxis
958 2559 1177 2646 quaternum
1206 2545 1349 2646 imperii
1374 2557 1541 2643 tempus.
1567 2541 1822 2642 explicationis
1852 2550 1946 2624 veri·

508 2659 626 2724 tatem
645 2661 875 2736 commoret,
908 2649 1179 2728 oecoefelitor
1206 2669 1271 2745 per
1292 2648 1389 2726 hanc
1410 2648 1679 2744 inscriptionem
1693 2646 1943 2744 plurimorum

507 2749 722 2846 scriptorum
745 2749 1001 2828 tessimonium.
1059 2753 1293 2848 Quamquam
1324 2750 1422 2827 enim
1450 2751 1476 2826 ii
1500 2756 1539 2826 in
1565 2747 1834 2827 Susianidarum
1864 2769 1943 2824 rno-

507 2849 697 2942 numenu's
722 2851 908 2932 coniuncti
937 2853 1152 2954 pierumque
1184 2865 1401 2946 occurrunt,
1434 2853 1497 2952 qui
1531 2854 1569 2928 in
1599 2850 1753 2950 imperio
1786 2849 1823 2928 so
1850 2849 1944 2956 exui·
2014 2857 2018 2862 “
2063 2907 2077 2918 .

506 2953 675 3052 piabant.
700 2957 762 3046 vel
782 2956 1027 3036 communiter
1045 2955 1137 3044 illud
1156 2953 1395 3040 affectabant,
1421 2954 1517 3032 bene
1538 2965 1684 3042 tamen,
1710 2953 1943 3040 crediderim,

506 3056 678 3148 coniungi
699 3073 895 3151 potuerunt
918 3083 992 3132 uno
1016 3071 1277 3140 monumento,
1303 3057 1391 3128 sicet
1412 3056 1450 3130 iu
1472 3057 1626 3150 imperio
1656 3055 1691 3132 se
1714 3079 1789 3130 non
1811 3057 1941 3150 attige·

370 3173 373 3178 ·
503 3157 599 3241 tint,
635 3165 740 3250 pater
767 3165 810 3230 et
841 3151 957 3240 iilius,
997 3151 1165 3249 inprimis
1198 3171 1299 3229 cunr·
1317 3153 1569 3254 interregnum
1599 3154 1687 3234 tirou
1721 3155 1941 3234 Artaxerxis

502 3263 704 3368 paucorum
729 3267 879 3361 tautum,
894 3269 1074 3332 annorum
1097 3251 1197 3332 esset.

476 3441 477 3448 Ν
525 3489 559 3562 a.
584 3475 758 3573 pomosa
777 3467 1005 3569 orfanorum
1022 3496 1095 3540 eom
1114 3476 1253 3572 rrsrorrq
1272 3473 1364 3572 orto
1381 3471 1623 3564 manasserus
1640 3489 1676 3540 o
1699 3478 1918 3545 orrmrarrm

727 3562 916 3622 circuitam
936 3569 1141 3624 monumento
1165 3555 1359 3644 tostrmomr's
1379 3558 1607 3622 conciliandae
1613 3557 1712 3649 suat?
1756 3641 1761 3652 θ

605 3690 792 3789 originem
809 3690 945 3776 debere
967 3693 1060 3770 haec
1076 3679 1319 3770 monumenta
1342 3689 1470 3770 iisdem
1494 3691 1655 3786 regibus,
1680 3693 1812 3794 quibus
1833 3695 1935 3793 regia

504 3793 608 3870 sedes
631 3797 701 3871 fuit
723 3793 1003 3882 Kirmanschah,
1028 3795 1116 3872 inde
1136 3789 1340 3892 verosimile
1361 3793 1435 3894 ,aih
1459 3796 1556 3892 quod
1581 3795 1677 3872 nulia
1701 3799 1818 3874 monti
1840 3799 1935 3875 Tak-

350 3922 354 3935 ·
494 3889 638 3976 'notan
669 3893 902 3994 propinquior
930 3887 991 3972 ita
1019 3897 1090 3974 soit
1114 3896 1219 3984 urbs,
1245 3917 1315 3992 qua
1344 3883 1459 3992 re'ges
1481 3898 1697 3973 commorari
1727 3901 1934 3998 potuissent.

501 3997 583 4084 Nec
596 3997 671 4074 ¹hoc
690 4001 766 4099 ipso
786 3999 868 4078 ioco
893 3999 978 4078 urbs
993 3997 1063 4094 iita
1083 3997 1187 4093 fuisse
1207 3997 1372 4086 rideturr
1397 4021 1484 4076 nam
1506 4001 1604 4101 apud
1625 3999 1811 4106 historicos
1835 4003 1933 4122 nulia

1851 4126 1933 4184 erus

488 4279 500 4326 T
540 4326 567 4402 Ι)
588 4321 743 4395 Memirm'
767 4327 802 4390 de
815 4325 886 4393 'sim
908 4327 951 4394 sss
973 4345 1003 4410 p·
1020 4333 1090 4396 188.

540 4433 585 4510 n>
607 4439 766 4497 eunucu.
787 4451 855 4496 ann.
876 4435 899 4506 s.
921 4424 1043 4514 maus.
1080 4434 1344 4500 Asutrtinnsti.
1369 4429 1435 4510 iifl.
1462 4429 1534 4518 dyo.
1554 4433 1578 4497 1.
1604 4449 1634 4512 p.
1654 4445 1724 4508 ¹³⁴·
1754 4429 1791 4494 ss.
1822 4449 1852 4512 p.
1874 4441 1926 4509 ες,
1988 4490 1996 4508 p

568 4519 842 4690 souppdprppppo.
874 4511 1012 4588 circam
1038 4513 1153 4604 Syriae.
1180 4511 1259 4606 vert}
1288 4515 1353 4583 Lot.
1371 4535 1415 4653 ἰ).
1431 4509 1483 4580 du.
1515 4509 1564 4578 cs.
1591 4515 1755 4576 ostatu
1780 4519 1927 4610 mmmm
