<?xml version="1.0" encoding="UTF-8"?>
<!DOCTYPE html PUBLIC "-//W3C//DTD XHTML 1.0 Transitional//EN"
    "http://www.w3.org/TR/xhtml1/DTD/xhtml1-transitional.dtd">
<html xmlns="http://www.w3.org/1999/xhtml" xml:lang="en" lang="en">
 <head>
  <title>
</title>
<meta http-equiv="Content-Type" content="text/html;charset=utf-8" />
  <meta name='ocr-system' content='tesseract 3.04.00' />
  <meta name='ocr-capabilities' content='ocr_page ocr_carea ocr_par ocr_line ocrx_word'/>
</head>
<body>
  <div class='ocr_page' id='page_1' title='image "./veterismediaeet01hoecgoog_0098.png"; bbox 0 0 4334 5384; ppageno 0'>
   <div class='ocr_carea' id='block_1_1' title="bbox 530 451 1863 584">
    <p class='ocr_par' dir='ltr' id='par_1_1' title="bbox 530 451 1863 584">
     <span class='ocr_line' id='line_1_1' title="bbox 530 451 1863 584; baseline -0.001 -34"><span class='ocrx_word' id='word_1_1' title='bbox 530 451 618 564; x_wconf 68' lang='lat' dir='ltr'>tri,</span> <span class='ocrx_word' id='word_1_2' title='bbox 639 453 665 549; x_wconf 84' lang='lat' dir='ltr'>i.</span> <span class='ocrx_word' id='word_1_3' title='bbox 689 453 915 560; x_wconf 11' lang='lat' dir='ltr'>&#39;Peraaroi&#39;ri</span> <span class='ocrx_word' id='word_1_4' title='bbox 939 457 1069 546; x_wconf 67' lang='lat' dir='ltr'>&#39;iiiuc</span> <span class='ocrx_word' id='word_1_5' title='bbox 1096 457 1422 552; x_wconf 66' lang='lat' dir='ltr'>asenna-Marii:</span> <span class='ocrx_word' id='word_1_6' title='bbox 1585 455 1690 562; x_wconf 67' lang='lat'>&#39;19</span> <span class='ocrx_word' id='word_1_7' title='bbox 1852 481 1863 584; x_wconf 24' lang='grc' dir='ltr'>’ἱ</span> 
     </span>
    </p>
   </div>
   <div class='ocr_carea' id='block_1_2' title="bbox 261 615 1686 770">
    <p class='ocr_par' dir='ltr' id='par_1_2' title="bbox 261 615 1686 770">
     <span class='ocr_line' id='line_1_2' title="bbox 261 615 1686 770; baseline 0 -22"><span class='ocrx_word' id='word_1_8' title='bbox 261 652 404 750; x_wconf 84' lang='lat' dir='ltr'>eumin</span> <span class='ocrx_word' id='word_1_9' title='bbox 426 641 899 760; x_wconf 81' lang='lat' dir='ltr'>totsecnlurumde&#39;cursu,</span> <span class='ocrx_word' id='word_1_10' title='bbox 923 615 987 770; x_wconf 74' lang='lat' dir='ltr'>poi</span> <span class='ocrx_word' id='word_1_11' title='bbox 1008 669 1122 749; x_wconf 89' lang='lat' dir='ltr'>multa</span> <span class='ocrx_word' id='word_1_12' title='bbox 1145 649 1387 764; x_wconf 88' lang='lat' dir='ltr'>monumento</span> <span class='ocrx_word' id='word_1_13' title='bbox 1413 662 1570 758; x_wconf 61' lang='lat' dir='ltr'>ademll4</span> <span class='ocrx_word' id='word_1_14' title='bbox 1602 674 1686 748; x_wconf 87' lang='lat' dir='ltr'>tom</span> 
     </span>
    </p>
   </div>
   <div class='ocr_carea' id='block_1_3' title="bbox 260 731 1981 982">
    <p class='ocr_par' dir='ltr' id='par_1_3' title="bbox 260 731 1981 982">
     <span class='ocr_line' id='line_1_3' title="bbox 260 731 1872 873; baseline -0.001 -25"><span class='ocrx_word' id='word_1_15' title='bbox 260 773 301 848; x_wconf 93' lang='lat' dir='ltr'>in</span> <span class='ocrx_word' id='word_1_16' title='bbox 324 774 486 852; x_wconf 90' lang='lat' dir='ltr'>Diodoro</span> <span class='ocrx_word' id='word_1_17' title='bbox 508 775 602 871; x_wconf 87' lang='lat' dir='ltr'>ipso,</span> <span class='ocrx_word' id='word_1_18' title='bbox 627 775 721 870; x_wconf 82' lang='lat' dir='ltr'>qui‚&#39;</span> <span class='ocrx_word' id='word_1_19' title='bbox 738 796 851 873; x_wconf 87' lang='lat' dir='ltr'>quum</span> <span class='ocrx_word' id='word_1_20' title='bbox 873 771 929 850; x_wconf 80' lang='lat' dir='ltr'>ex&#39;</span> <span class='ocrx_word' id='word_1_21' title='bbox 945 773 1099 850; x_wconf 88' lang='lat' dir='ltr'>aliorum</span> <span class='ocrx_word' id='word_1_22' title='bbox 1125 773 1383 851; x_wconf 79' lang='lat' dir='ltr'>informatione</span> <span class='ocrx_word' id='word_1_23' title='bbox 1406 770 1500 848; x_wconf 87' lang='lat' dir='ltr'>haee</span> <span class='ocrx_word' id='word_1_24' title='bbox 1519 767 1684 862; x_wconf 82' lang='lat' dir='ltr'>afferret,</span> <span class='ocrx_word' id='word_1_25' title='bbox 1795 759 1809 828; x_wconf 28' lang='lat' dir='ltr'>&#39;v</span> <span class='ocrx_word' id='word_1_26' title='bbox 1848 731 1872 792; x_wconf 27' lang='lat'>&#39;—</span> 
     </span>
     <span class='ocr_line' id='line_1_4' title="bbox 260 871 1981 982; baseline -0.001 -34"><span class='ocrx_word' id='word_1_27' title='bbox 260 875 435 950; x_wconf 87' lang='lat' dir='ltr'>nonnulla</span> <span class='ocrx_word' id='word_1_28' title='bbox 459 877 601 952; x_wconf 81' lang='lat' dir='ltr'>sortasse</span> <span class='ocrx_word' id='word_1_29' title='bbox 623 875 725 950; x_wconf 86' lang='lat' dir='ltr'>secus</span> <span class='ocrx_word' id='word_1_30' title='bbox 746 875 900 972; x_wconf 85' lang='lat' dir='ltr'>accepit</span> <span class='ocrx_word' id='word_1_31' title='bbox 942 875 1056 961; x_wconf 88' lang='lat' dir='ltr'>&#39;Quae</span> <span class='ocrx_word' id='word_1_32' title='bbox 1078 876 1112 950; x_wconf 88' lang='lat' dir='ltr'>ei</span> <span class='ocrx_word' id='word_1_33' title='bbox 1134 875 1183 950; x_wconf 91' lang='lat' dir='ltr'>de</span> <span class='ocrx_word' id='word_1_34' title='bbox 1204 871 1498 968; x_wconf 83' lang='lat' dir='ltr'>lingulia&#39;palatii</span> <span class='ocrx_word' id='word_1_35' title='bbox 1521 872 1684 970; x_wconf 70' lang='lat' dir='ltr'>partibus</span> <span class='ocrx_word' id='word_1_36' title='bbox 1806 967 1813 982; x_wconf 39' lang='lat'><strong>·</strong></span> <span class='ocrx_word' id='word_1_37' title='bbox 1974 955 1981 964; x_wconf 57' lang='grc'><em>,</em></span> 
     </span>
    </p>
   </div>
   <div class='ocr_carea' id='block_1_4' title="bbox 253 969 1692 1275">
    <p class='ocr_par' dir='ltr' id='par_1_4' title="bbox 253 969 1692 1275">
     <span class='ocr_line' id='line_1_5' title="bbox 260 969 1692 1074; baseline 0.005 -27"><span class='ocrx_word' id='word_1_38' title='bbox 260 996 462 1074; x_wconf 87' lang='lat' dir='ltr'>earumque</span> <span class='ocrx_word' id='word_1_39' title='bbox 485 977 605 1052; x_wconf 85' lang='lat' dir='ltr'>muris·</span> <span class='ocrx_word' id='word_1_40' title='bbox 620 977 733 1052; x_wconf 88' lang='lat' dir='ltr'>relata</span> <span class='ocrx_word' id='word_1_41' title='bbox 760 989 884 1063; x_wconf 85' lang='lat' dir='ltr'>erant,</span> <span class='ocrx_word' id='word_1_42' title='bbox 909 973 958 1050; x_wconf 94' lang='lat' dir='ltr'>de</span> <span class='ocrx_word' id='word_1_43' title='bbox 981 973 1096 1052; x_wconf 83' lang='lat' dir='ltr'>tribua</span> <span class='ocrx_word' id='word_1_44' title='bbox 1124 976 1239 1052; x_wconf 85' lang='lat' dir='ltr'>muris</span> <span class='ocrx_word' id='word_1_45' title='bbox 1263 987 1383 1050; x_wconf 86' lang='lat' dir='ltr'>totum</span> <span class='ocrx_word' id='word_1_46' title='bbox 1406 972 1579 1070; x_wconf 85' lang='lat' dir='ltr'>palatium</span> <span class='ocrx_word' id='word_1_47' title='bbox 1607 969 1692 1054; x_wconf 75' lang='lat' dir='ltr'>cin·</span> 
     </span>
     <span class='ocr_line' id='line_1_6' title="bbox 260 1073 1683 1172; baseline 0.003 -24"><span class='ocrx_word' id='word_1_48' title='bbox 260 1073 432 1168; x_wconf 77' lang='lat' dir='ltr'>gentibue</span> <span class='ocrx_word' id='word_1_49' title='bbox 451 1075 664 1154; x_wconf 84' lang='lat' dir='ltr'>intellexisse</span> <span class='ocrx_word' id='word_1_50' title='bbox 683 1077 837 1154; x_wconf 83' lang='lat' dir='ltr'>uidetur.</span> <span class='ocrx_word' id='word_1_51' title='bbox 889 1073 1098 1152; x_wconf 83' lang='lat' dir='ltr'>Persuasum</span> <span class='ocrx_word' id='word_1_52' title='bbox 1124 1079 1234 1172; x_wconf 83' lang='lat' dir='ltr'>igitur</span> <span class='ocrx_word' id='word_1_53' title='bbox 1253 1076 1344 1152; x_wconf 88' lang='lat' dir='ltr'>milri</span> <span class='ocrx_word' id='word_1_54' title='bbox 1366 1074 1486 1154; x_wconf 88' lang='lat' dir='ltr'>habeo</span> <span class='ocrx_word' id='word_1_55' title='bbox 1507 1075 1556 1150; x_wconf 89' lang='lat' dir='ltr'>de</span> <span class='ocrx_word' id='word_1_56' title='bbox 1576 1076 1683 1152; x_wconf 88' lang='lat' dir='ltr'>rude·</span> 
     </span>
     <span class='ocr_line' id='line_1_7' title="bbox 253 1170 1679 1275; baseline 0.005 -27"><span class='ocrx_word' id='word_1_57' title='bbox 253 1173 360 1250; x_wconf 82' lang='lat' dir='ltr'>ribus</span> <span class='ocrx_word' id='word_1_58' title='bbox 381 1176 647 1254; x_wconf 78' lang='lat' dir='ltr'>siculi-Minar</span> <span class='ocrx_word' id='word_1_59' title='bbox 673 1177 746 1252; x_wconf 79' lang='lat' dir='ltr'>effe</span> <span class='ocrx_word' id='word_1_60' title='bbox 773 1175 1002 1275; x_wconf 87' lang='lat' dir='ltr'>accipianda,</span> <span class='ocrx_word' id='word_1_61' title='bbox 1027 1199 1123 1275; x_wconf 84' lang='lat' dir='ltr'>quae</span> <span class='ocrx_word' id='word_1_62' title='bbox 1140 1177 1201 1253; x_wconf 88' lang='lat' dir='ltr'>ille</span> <span class='ocrx_word' id='word_1_63' title='bbox 1224 1177 1272 1252; x_wconf 87' lang='lat' dir='ltr'>de</span> <span class='ocrx_word' id='word_1_64' title='bbox 1291 1170 1525 1270; x_wconf 84' lang='lat' dir='ltr'>Persepoleos</span> <span class='ocrx_word' id='word_1_65' title='bbox 1544 1177 1679 1274; x_wconf 86' lang='lat' dir='ltr'>palatio</span> 
     </span>
    </p>
   </div>
   <div class='ocr_carea' id='block_1_5' title="bbox 257 1275 1839 1477">
    <p class='ocr_par' dir='ltr' id='par_1_5' title="bbox 257 1275 1839 1477">
     <span class='ocr_line' id='line_1_8' title="bbox 260 1275 1839 1384; baseline 0.003 -34"><span class='ocrx_word' id='word_1_66' title='bbox 260 1289 401 1364; x_wconf 84' lang='lat' dir='ltr'>narrat,</span> <span class='ocrx_word' id='word_1_67' title='bbox 434 1287 473 1355; x_wconf 90' lang='lat' dir='ltr'>et</span> <span class='ocrx_word' id='word_1_68' title='bbox 496 1281 648 1355; x_wconf 88' lang='lat' dir='ltr'>omnino</span> <span class='ocrx_word' id='word_1_69' title='bbox 672 1279 739 1354; x_wconf 79' lang='lat' dir='ltr'>lias</span> <span class='ocrx_word' id='word_1_70' title='bbox 762 1279 854 1373; x_wconf 79' lang='lat' dir='ltr'>ipsae</span> <span class='ocrx_word' id='word_1_71' title='bbox 879 1275 1050 1375; x_wconf 78' lang='lat' dir='ltr'>reliquias</span> <span class='ocrx_word' id='word_1_72' title='bbox 1069 1278 1208 1374; x_wconf 87' lang='lat' dir='ltr'>regiam</span> <span class='ocrx_word' id='word_1_73' title='bbox 1227 1278 1337 1382; x_wconf 58' lang='lat' dir='ltr'>⁵¹¹³ln‘</span> <span class='ocrx_word' id='word_1_74' title='bbox 1350 1276 1487 1352; x_wconf 87' lang='lat' dir='ltr'>referre</span> <span class='ocrx_word' id='word_1_75' title='bbox 1508 1277 1681 1376; x_wconf 83' lang='lat' dir='ltr'>Persepo·</span> <span class='ocrx_word' id='word_1_76' title='bbox 1741 1371 1747 1384; x_wconf 33' lang='grc' dir='ltr'><em>Ι</em></span> <span class='ocrx_word' id='word_1_77' title='bbox 1835 1283 1839 1291; x_wconf 92' lang='grc'><strong>’</strong></span> 
     </span>
     <span class='ocr_line' id='line_1_9' title="bbox 257 1373 1821 1477; baseline 0.006 -30"><span class='ocrx_word' id='word_1_78' title='bbox 257 1373 429 1466; x_wconf 88' lang='lat' dir='ltr'>litauam,</span> <span class='ocrx_word' id='word_1_79' title='bbox 448 1381 560 1475; x_wconf 83' lang='lat' dir='ltr'>apud</span> <span class='ocrx_word' id='word_1_80' title='bbox 589 1379 725 1468; x_wconf 70' lang='lat' dir='ltr'>multos</span> <span class='ocrx_word' id='word_1_81' title='bbox 758 1379 947 1477; x_wconf 80' lang='lat' dir='ltr'>scriptores</span> <span class='ocrx_word' id='word_1_82' title='bbox 979 1378 1197 1456; x_wconf 85' lang='lat' dir='ltr'>celebratam</span> <span class='ocrx_word' id='word_1_83' title='bbox 1229 1378 1284 1470; x_wconf 85' lang='lat' dir='ltr'>i),</span> <span class='ocrx_word' id='word_1_84' title='bbox 1314 1398 1445 1476; x_wconf 83' lang='lat' dir='ltr'>quam,</span> <span class='ocrx_word' id='word_1_85' title='bbox 1482 1377 1678 1474; x_wconf 78' lang='lat' dir='ltr'>instigante</span> <span class='ocrx_word' id='word_1_86' title='bbox 1815 1423 1821 1434; x_wconf 80' lang='lat'><em>,</em></span> 
     </span>
    </p>
   </div>
   <div class='ocr_carea' id='block_1_6' title="bbox 221 1460 1690 1978">
    <p class='ocr_par' dir='ltr' id='par_1_6' title="bbox 221 1460 1690 1978">
     <span class='ocr_line' id='line_1_10' title="bbox 221 1460 1681 1576; baseline 0.002 -24"><span class='ocrx_word' id='word_1_87' title='bbox 221 1529 227 1540; x_wconf 85' lang='lat'><em>·</em></span> <span class='ocrx_word' id='word_1_88' title='bbox 256 1473 416 1567; x_wconf 81' lang='lat' dir='ltr'>Thaide,</span> <span class='ocrx_word' id='word_1_89' title='bbox 441 1478 607 1558; x_wconf 81' lang='lat' dir='ltr'>incendit</span> <span class='ocrx_word' id='word_1_90' title='bbox 633 1460 829 1570; x_wconf 60' lang='lat' dir='ltr'>Atalanten.</span> <span class='ocrx_word' id='word_1_91' title='bbox 881 1478 964 1556; x_wconf 89' lang='lat' dir='ltr'>Non</span> <span class='ocrx_word' id='word_1_92' title='bbox 988 1493 1167 1576; x_wconf 85' lang='lat' dir='ltr'>repugnat</span> <span class='ocrx_word' id='word_1_93' title='bbox 1188 1479 1277 1556; x_wconf 87' lang='lat' dir='ltr'>illud</span> <span class='ocrx_word' id='word_1_94' title='bbox 1303 1471 1530 1568; x_wconf 80' lang='lat' dir='ltr'>incendium,</span> <span class='ocrx_word' id='word_1_95' title='bbox 1561 1491 1604 1558; x_wconf 90' lang='lat' dir='ltr'>ut</span> <span class='ocrx_word' id='word_1_96' title='bbox 1626 1476 1681 1555; x_wconf 83' lang='lat' dir='ltr'>ri-</span> 
     </span>
     <span class='ocr_line' id='line_1_11' title="bbox 256 1573 1681 1680; baseline 0.007 -31"><span class='ocrx_word' id='word_1_97' title='bbox 256 1573 334 1652; x_wconf 88' lang='lat' dir='ltr'>sum</span> <span class='ocrx_word' id='word_1_98' title='bbox 361 1577 411 1654; x_wconf 84' lang='lat' dir='ltr'>est</span> <span class='ocrx_word' id='word_1_99' title='bbox 434 1581 621 1658; x_wconf 84' lang='lat' dir='ltr'>nonnullis</span> <span class='ocrx_word' id='word_1_100' title='bbox 646 1577 814 1668; x_wconf 80' lang='lat' dir='ltr'>eruditis,</span> <span class='ocrx_word' id='word_1_101' title='bbox 846 1579 970 1676; x_wconf 86' lang='lat' dir='ltr'>palatii</span> <span class='ocrx_word' id='word_1_102' title='bbox 994 1593 1158 1657; x_wconf 86' lang='lat' dir='ltr'>naturae.</span> <span class='ocrx_word' id='word_1_103' title='bbox 1210 1577 1416 1656; x_wconf 88' lang='lat' dir='ltr'>Consumsrt</span> <span class='ocrx_word' id='word_1_104' title='bbox 1434 1580 1531 1672; x_wconf 81' lang='lat' dir='ltr'>ignia</span> <span class='ocrx_word' id='word_1_105' title='bbox 1555 1591 1681 1680; x_wconf 84' lang='lat' dir='ltr'>partae</span> 
     </span>
     <span class='ocr_line' id='line_1_12' title="bbox 257 1677 1690 1780; baseline 0.003 -27"><span class='ocrx_word' id='word_1_106' title='bbox 257 1697 354 1774; x_wconf 86' lang='lat' dir='ltr'>quae</span> <span class='ocrx_word' id='word_1_107' title='bbox 379 1679 480 1774; x_wconf 86' lang='lat' dir='ltr'>ligno</span> <span class='ocrx_word' id='word_1_108' title='bbox 508 1679 724 1780; x_wconf 77' lang='lat' dir='ltr'>constabant</span> <span class='ocrx_word' id='word_1_109' title='bbox 741 1678 788 1773; x_wconf 82' lang='lat' dir='ltr'>i).</span> <span class='ocrx_word' id='word_1_110' title='bbox 848 1677 947 1774; x_wconf 84' lang='lat' dir='ltr'>ignia</span> <span class='ocrx_word' id='word_1_111' title='bbox 974 1681 1107 1756; x_wconf 89' lang='lat' dir='ltr'>iudicia</span> <span class='ocrx_word' id='word_1_112' title='bbox 1138 1679 1309 1756; x_wconf 90' lang='lat' dir='ltr'>marmori</span> <span class='ocrx_word' id='word_1_113' title='bbox 1333 1677 1485 1775; x_wconf 79' lang='lat' dir='ltr'>inpress&#39;a</span> <span class='ocrx_word' id='word_1_114' title='bbox 1516 1692 1556 1756; x_wconf 88' lang='lat' dir='ltr'>et</span> <span class='ocrx_word' id='word_1_115' title='bbox 1576 1704 1690 1769; x_wconf 82' lang='lat' dir='ltr'>nuno,</span> 
     </span>
     <span class='ocr_line' id='line_1_13' title="bbox 253 1774 1678 1876; baseline 0.005 -22"><span class='ocrx_word' id='word_1_116' title='bbox 253 1779 435 1874; x_wconf 87' lang='lat' dir='ltr'>quaedam</span> <span class='ocrx_word' id='word_1_117' title='bbox 450 1781 598 1870; x_wconf 89' lang='lat' dir='ltr'>adsunt,</span> <span class='ocrx_word' id='word_1_118' title='bbox 624 1780 714 1858; x_wconf 83' lang='lat' dir='ltr'>teste</span> <span class='ocrx_word' id='word_1_119' title='bbox 732 1781 912 1876; x_wconf 69' lang='lat' dir='ltr'>Figueroa</span> <span class='ocrx_word' id='word_1_120' title='bbox 933 1774 995 1870; x_wconf 67' lang='grc' dir='ltr'>ηοξ</span> <span class='ocrx_word' id='word_1_121' title='bbox 1018 1815 1071 1842; x_wconf 74' lang='lat'>-·</span> <span class='ocrx_word' id='word_1_122' title='bbox 1121 1778 1446 1857; x_wconf 80' lang='lat' dir='ltr'>&#39;ischis-Minor</span> <span class='ocrx_word' id='word_1_123' title='bbox 1472 1779 1584 1873; x_wconf 84' lang='lat' dir='ltr'>igitur</span> <span class='ocrx_word' id='word_1_124' title='bbox 1599 1803 1678 1862; x_wconf 87' lang='lat' dir='ltr'>non</span> 
     </span>
     <span class='ocr_line' id='line_1_14' title="bbox 253 1879 1676 1978; baseline 0.004 -24"><span class='ocrx_word' id='word_1_125' title='bbox 253 1879 432 1977; x_wconf 88' lang='lat' dir='ltr'>templum</span> <span class='ocrx_word' id='word_1_126' title='bbox 451 1884 540 1972; x_wconf 88' lang='lat' dir='ltr'>fuit,</span> <span class='ocrx_word' id='word_1_127' title='bbox 572 1895 615 1961; x_wconf 93' lang='lat' dir='ltr'>ut</span> <span class='ocrx_word' id='word_1_128' title='bbox 634 1881 742 1959; x_wconf 87' lang='lat' dir='ltr'>multi</span> <span class='ocrx_word' id='word_1_129' title='bbox 769 1883 982 1970; x_wconf 85' lang='lat' dir='ltr'>voluerunt,</span> <span class='ocrx_word' id='word_1_130' title='bbox 1007 1879 1069 1956; x_wconf 88' lang='lat' dir='ltr'>sed</span> <span class='ocrx_word' id='word_1_131' title='bbox 1097 1880 1319 1978; x_wconf 86' lang='lat' dir='ltr'>palatium</span> <span class='ocrx_word' id='word_1_132' title='bbox 1339 1882 1393 1971; x_wconf 83' lang='lat' dir='ltr'>rr).</span> <span class='ocrx_word' id='word_1_133' title='bbox 1444 1879 1525 1956; x_wconf 88' lang='lat' dir='ltr'>Nec</span> <span class='ocrx_word' id='word_1_134' title='bbox 1547 1893 1676 1960; x_wconf 71' lang='lat' dir='ltr'>umen</span> 
     </span>
    </p>
   </div>
   <div class='ocr_carea' id='block_1_7' title="bbox 115 1978 1842 2182">
    <p class='ocr_par' dir='ltr' id='par_1_7' title="bbox 115 1978 1842 2182">
     <span class='ocr_line' id='line_1_15' title="bbox 115 1978 1822 2080; baseline 0.005 -27"><span class='ocrx_word' id='word_1_135' title='bbox 115 2039 117 2044; x_wconf 93' lang='lat'><em>.</em></span> <span class='ocrx_word' id='word_1_136' title='bbox 254 1979 355 2074; x_wconf 80' lang='lat' dir='ltr'>regia</span> <span class='ocrx_word' id='word_1_137' title='bbox 379 1978 492 2062; x_wconf 84' lang='lat' dir='ltr'>sedes.</span> <span class='ocrx_word' id='word_1_138' title='bbox 514 2020 570 2040; x_wconf 71' lang='grc'>«-</span> <span class='ocrx_word' id='word_1_139' title='bbox 620 1981 810 2060; x_wconf 79' lang='lat' dir='ltr'>Persarum</span> <span class='ocrx_word' id='word_1_140' title='bbox 837 2004 945 2076; x_wconf 80' lang='lat' dir='ltr'>regea</span> <span class='ocrx_word' id='word_1_141' title='bbox 974 1979 1136 2080; x_wconf 88' lang='lat' dir='ltr'>sepulcro</span> <span class='ocrx_word' id='word_1_142' title='bbox 1162 1979 1300 2058; x_wconf 91' lang='lat' dir='ltr'>conditi</span> <span class='ocrx_word' id='word_1_143' title='bbox 1323 2001 1397 2056; x_wconf 88' lang='lat' dir='ltr'>non</span> <span class='ocrx_word' id='word_1_144' title='bbox 1421 1981 1533 2058; x_wconf 91' lang='lat' dir='ltr'>modo</span> <span class='ocrx_word' id='word_1_145' title='bbox 1556 1980 1674 2060; x_wconf 81' lang='lat' dir='ltr'>vallae</span> <span class='ocrx_word' id='word_1_146' title='bbox 1760 1991 1763 1998; x_wconf 59' lang='lat'><em>⁴</em></span> <span class='ocrx_word' id='word_1_147' title='bbox 1815 2067 1822 2076; x_wconf 61' lang='grc'><strong>,</strong></span> 
     </span>
     <span class='ocr_line' id='line_1_16' title="bbox 129 2079 1842 2182; baseline 0.004 -27"><span class='ocrx_word' id='word_1_148' title='bbox 129 2111 133 2117; x_wconf 64' lang='grc'>’</span> <span class='ocrx_word' id='word_1_149' title='bbox 257 2091 298 2156; x_wconf 89' lang='lat' dir='ltr'>et</span> <span class='ocrx_word' id='word_1_150' title='bbox 320 2103 434 2170; x_wconf 87' lang='lat' dir='ltr'>arma,</span> <span class='ocrx_word' id='word_1_151' title='bbox 463 2084 523 2160; x_wconf 86' lang='lat' dir='ltr'>sed</span> <span class='ocrx_word' id='word_1_152' title='bbox 546 2082 734 2160; x_wconf 70' lang='lat' dir='ltr'>thesauros</span> <span class='ocrx_word' id='word_1_153' title='bbox 756 2105 903 2182; x_wconf 88' lang='lat' dir='ltr'>quoque</span> <span class='ocrx_word' id='word_1_154' title='bbox 923 2079 1005 2162; x_wconf 83' lang='lat' dir='ltr'>suoa</span> <span class='ocrx_word' id='word_1_155' title='bbox 1032 2080 1226 2160; x_wconf 88' lang='lat' dir='ltr'>habebant.</span> <span class='ocrx_word' id='word_1_156' title='bbox 1280 2084 1509 2180; x_wconf 80' lang='lat' dir='ltr'>Quapropter</span> <span class='ocrx_word' id='word_1_157' title='bbox 1535 2082 1597 2178; x_wconf 87' lang='lat' dir='ltr'>qui</span> <span class='ocrx_word' id='word_1_158' title='bbox 1620 2082 1674 2162; x_wconf 86' lang='lat' dir='ltr'>se·</span> <span class='ocrx_word' id='word_1_159' title='bbox 1742 2173 1745 2180; x_wconf 35' lang='grc'>,</span> <span class='ocrx_word' id='word_1_160' title='bbox 1837 2175 1842 2182; x_wconf 87' lang='lat'><em>.</em></span> 
     </span>
    </p>
   </div>
   <div class='ocr_carea' id='block_1_8' title="bbox 254 2179 1687 2380">
    <p class='ocr_par' dir='ltr' id='par_1_8' title="bbox 254 2179 1687 2380">
     <span class='ocr_line' id='line_1_17' title="bbox 255 2179 1675 2281; baseline 0.001 -28"><span class='ocrx_word' id='word_1_161' title='bbox 255 2179 381 2278; x_wconf 89' lang='lat' dir='ltr'>pulcra</span> <span class='ocrx_word' id='word_1_162' title='bbox 408 2182 649 2270; x_wconf 82' lang='lat' dir='ltr'>custodirent,</span> <span class='ocrx_word' id='word_1_163' title='bbox 683 2183 960 2280; x_wconf 77' lang='lat' dir='ltr'>requirebantur</span> <span class='ocrx_word' id='word_1_164' title='bbox 989 2183 1171 2281; x_wconf 85' lang='lat' dir='ltr'>permulti.</span> <span class='ocrx_word' id='word_1_165' title='bbox 1231 2183 1281 2266; x_wconf 81' lang='lat' dir='ltr'>Et</span> <span class='ocrx_word' id='word_1_166' title='bbox 1305 2183 1356 2256; x_wconf 90' lang='lat' dir='ltr'>illi</span> <span class='ocrx_word' id='word_1_167' title='bbox 1386 2183 1481 2258; x_wconf 88' lang='lat' dir='ltr'>adeo</span> <span class='ocrx_word' id='word_1_168' title='bbox 1505 2183 1567 2280; x_wconf 87' lang='lat' dir='ltr'>qui</span> <span class='ocrx_word' id='word_1_169' title='bbox 1592 2204 1675 2262; x_wconf 87' lang='lat' dir='ltr'>mu.</span> 
     </span>
     <span class='ocr_line' id='line_1_18' title="bbox 254 2280 1687 2380; baseline 0.008 -27"><span class='ocrx_word' id='word_1_170' title='bbox 254 2297 344 2354; x_wconf 87' lang='lat' dir='ltr'>nere</span> <span class='ocrx_word' id='word_1_171' title='bbox 368 2280 485 2373; x_wconf 82' lang='lat' dir='ltr'>aulico</span> <span class='ocrx_word' id='word_1_172' title='bbox 514 2283 630 2358; x_wconf 73' lang='lat' dir='ltr'>suomi</span> <span class='ocrx_word' id='word_1_173' title='bbox 653 2297 777 2367; x_wconf 85' lang='lat' dir='ltr'>arant,</span> <span class='ocrx_word' id='word_1_174' title='bbox 811 2281 1054 2380; x_wconf 84' lang='lat' dir='ltr'>sequebantur</span> <span class='ocrx_word' id='word_1_175' title='bbox 1077 2307 1202 2380; x_wconf 85' lang='lat' dir='ltr'>regem</span> <span class='ocrx_word' id='word_1_176' title='bbox 1226 2295 1265 2358; x_wconf 89' lang='lat' dir='ltr'>et</span> <span class='ocrx_word' id='word_1_177' title='bbox 1290 2283 1444 2378; x_wconf 72' lang='lat' dir='ltr'>adeius</span> <span class='ocrx_word' id='word_1_178' title='bbox 1469 2281 1687 2380; x_wconf 74' lang='lat' dir='ltr'>sepulcrum,</span> 
     </span>
    </p>
   </div>
   <div class='ocr_carea' id='block_1_9' title="bbox 39 2378 1728 2684">
    <p class='ocr_par' dir='ltr' id='par_1_9' title="bbox 39 2378 1728 2684">
     <span class='ocr_line' id='line_1_19' title="bbox 81 2378 1728 2482; baseline 0.007 -30"><span class='ocrx_word' id='word_1_179' title='bbox 81 2443 90 2464; x_wconf 76' lang='grc'><strong>,</strong></span> <span class='ocrx_word' id='word_1_180' title='bbox 252 2378 437 2477; x_wconf 78' lang='lat' dir='ltr'>vivebant.</span> <span class='ocrx_word' id='word_1_181' title='bbox 487 2383 589 2474; x_wconf 82' lang='lat' dir='ltr'>Opus</span> <span class='ocrx_word' id='word_1_182' title='bbox 610 2380 722 2476; x_wconf 78' lang='lat' dir='ltr'>igitur</span> <span class='ocrx_word' id='word_1_183' title='bbox 746 2393 843 2470; x_wconf 83' lang='lat' dir='ltr'>etat,</span> <span class='ocrx_word' id='word_1_184' title='bbox 867 2383 941 2460; x_wconf 87' lang='lat' dir='ltr'>iam</span> <span class='ocrx_word' id='word_1_185' title='bbox 962 2383 1032 2460; x_wconf 90' lang='lat' dir='ltr'>hac</span> <span class='ocrx_word' id='word_1_186' title='bbox 1053 2382 1125 2460; x_wconf 90' lang='lat' dir='ltr'>sola</span> <span class='ocrx_word' id='word_1_187' title='bbox 1144 2385 1192 2460; x_wconf 87' lang='lat' dir='ltr'>da</span> <span class='ocrx_word' id='word_1_188' title='bbox 1214 2381 1339 2472; x_wconf 85' lang='lat' dir='ltr'>causa,</span> <span class='ocrx_word' id='word_1_189' title='bbox 1365 2381 1402 2458; x_wconf 90' lang='lat' dir='ltr'>in</span> <span class='ocrx_word' id='word_1_190' title='bbox 1427 2383 1687 2482; x_wconf 57' lang='lat' dir='ltr'>sepulcrorum,</span> <span class='ocrx_word' id='word_1_191' title='bbox 1723 2419 1728 2430; x_wconf 65' lang='grc'>’</span> 
     </span>
     <span class='ocr_line' id='line_1_20' title="bbox 114 2479 1684 2581; baseline 0.007 -24"><span class='ocrx_word' id='word_1_192' title='bbox 114 2483 118 2491; x_wconf 88' lang='grc'><em>’</em></span> <span class='ocrx_word' id='word_1_193' title='bbox 248 2479 400 2571; x_wconf 82' lang='lat' dir='ltr'>vicinio,</span> <span class='ocrx_word' id='word_1_194' title='bbox 426 2481 607 2560; x_wconf 76' lang='lat' dir='ltr'>aediliciis</span> <span class='ocrx_word' id='word_1_195' title='bbox 627 2481 828 2578; x_wconf 78' lang='lat' dir='ltr'>permultis.</span> <span class='ocrx_word' id='word_1_196' title='bbox 877 2483 956 2562; x_wconf 89' lang='lat' dir='ltr'>Nec</span> <span class='ocrx_word' id='word_1_197' title='bbox 976 2496 1102 2562; x_wconf 86' lang='lat' dir='ltr'>tamen</span> <span class='ocrx_word' id='word_1_198' title='bbox 1123 2481 1346 2581; x_wconf 80' lang='lat' dir='ltr'>grariffimos</span> <span class='ocrx_word' id='word_1_199' title='bbox 1366 2482 1425 2558; x_wconf 85' lang='lat' dir='ltr'>vel</span> <span class='ocrx_word' id='word_1_200' title='bbox 1449 2485 1578 2562; x_wconf 82' lang='lat' dir='ltr'>unicus</span> <span class='ocrx_word' id='word_1_201' title='bbox 1601 2486 1684 2580; x_wconf 83' lang='lat' dir='ltr'>fuit¹</span> 
     </span>
     <span class='ocr_line' id='line_1_21' title="bbox 39 2577 1687 2684; baseline 0.006 -38"><span class='ocrx_word' id='word_1_202' title='bbox 39 2615 54 2646; x_wconf 74' lang='lat' dir='ltr'><em>t</em></span> <span class='ocrx_word' id='word_1_203' title='bbox 141 2577 169 2674; x_wconf 61' lang='lat' dir='ltr'>J</span> <span class='ocrx_word' id='word_1_204' title='bbox 250 2579 374 2680; x_wconf 90' lang='lat' dir='ltr'>palatii</span> <span class='ocrx_word' id='word_1_205' title='bbox 403 2583 507 2674; x_wconf 83' lang='lat' dir='ltr'>usus,</span> <span class='ocrx_word' id='word_1_206' title='bbox 538 2594 581 2662; x_wconf 91' lang='lat' dir='ltr'>ut</span> <span class='ocrx_word' id='word_1_207' title='bbox 610 2581 836 2662; x_wconf 85' lang='lat' dir='ltr'>domicilium</span> <span class='ocrx_word' id='word_1_208' title='bbox 867 2583 957 2662; x_wconf 82' lang='lat' dir='ltr'>effet</span> <span class='ocrx_word' id='word_1_209' title='bbox 984 2608 1130 2674; x_wconf 84' lang='lat' dir='ltr'>aarum,</span> <span class='ocrx_word' id='word_1_210' title='bbox 1163 2589 1225 2684; x_wconf 90' lang='lat' dir='ltr'>qui</span> <span class='ocrx_word' id='word_1_211' title='bbox 1247 2583 1407 2682; x_wconf 88' lang='lat' dir='ltr'>sepulcra</span> <span class='ocrx_word' id='word_1_212' title='bbox 1431 2584 1687 2671; x_wconf 76' lang='lat' dir='ltr'>custodirentr..</span> 
     </span>
    </p>
   </div>
   <div class='ocr_carea' id='block_1_10' title="bbox 248 2681 1686 2784">
    <p class='ocr_par' dir='ltr' id='par_1_10' title="bbox 248 2681 1686 2784">
     <span class='ocr_line' id='line_1_22' title="bbox 248 2681 1686 2784; baseline 0.006 -28"><span class='ocrx_word' id='word_1_213' title='bbox 248 2682 402 2780; x_wconf 85' lang='lat' dir='ltr'>graviori</span> <span class='ocrx_word' id='word_1_214' title='bbox 431 2685 552 2762; x_wconf 85' lang='lat' dir='ltr'>adhuc</span> <span class='ocrx_word' id='word_1_215' title='bbox 581 2681 727 2762; x_wconf 82' lang='lat' dir='ltr'>confitio</span> <span class='ocrx_word' id='word_1_216' title='bbox 754 2683 948 2762; x_wconf 84' lang='lat' dir='ltr'>inserviiise</span> <span class='ocrx_word' id='word_1_217' title='bbox 980 2684 1133 2766; x_wconf 80' lang='lat' dir='ltr'>videtur.</span> <span class='ocrx_word' id='word_1_218' title='bbox 1198 2687 1290 2764; x_wconf 89' lang='lat' dir='ltr'>&#39;sota</span> <span class='ocrx_word' id='word_1_219' title='bbox 1316 2683 1376 2760; x_wconf 90' lang='lat' dir='ltr'>illa</span> <span class='ocrx_word' id='word_1_220' title='bbox 1406 2688 1526 2782; x_wconf 85' lang='lat' dir='ltr'>regio,</span> <span class='ocrx_word' id='word_1_221' title='bbox 1557 2709 1686 2784; x_wconf 78' lang='lat' dir='ltr'>quam,</span> 
     </span>
    </p>
   </div>
   <div class='ocr_carea' id='block_1_11' title="bbox 250 2779 1805 2884">
    <p class='ocr_par' dir='ltr' id='par_1_11' title="bbox 250 2779 1805 2884">
     <span class='ocr_line' id='line_1_23' title="bbox 250 2779 1805 2884; baseline 0.003 -26"><span class='ocrx_word' id='word_1_222' title='bbox 250 2779 453 2880; x_wconf 80' lang='lat' dir='ltr'>Persepolis</span> <span class='ocrx_word' id='word_1_223' title='bbox 493 2783 704 2881; x_wconf 84' lang='lat' dir='ltr'>occupavit,</span> <span class='ocrx_word' id='word_1_224' title='bbox 750 2783 973 2862; x_wconf 84' lang='lat' dir='ltr'>sacrosancta</span> <span class='ocrx_word' id='word_1_225' title='bbox 1005 2785 1095 2875; x_wconf 87' lang='lat' dir='ltr'>suit,</span> <span class='ocrx_word' id='word_1_226' title='bbox 1139 2783 1304 2883; x_wconf 85' lang='lat' dir='ltr'>inprimis</span> <span class='ocrx_word' id='word_1_227' title='bbox 1340 2807 1429 2860; x_wconf 85' lang='lat' dir='ltr'>uero</span> <span class='ocrx_word' id='word_1_228' title='bbox 1465 2785 1669 2884; x_wconf 88' lang='lat' dir='ltr'>sepulcrum</span> <span class='ocrx_word' id='word_1_229' title='bbox 1800 2851 1805 2862; x_wconf 92' lang='lat'>.</span> 
     </span>
    </p>
   </div>
   <div class='ocr_carea' id='block_1_12' title="bbox 226 2881 1681 3388">
    <p class='ocr_par' dir='ltr' id='par_1_12' title="bbox 226 2881 1681 3388">
     <span class='ocr_line' id='line_1_24' title="bbox 250 2881 1670 2982; baseline 0.004 -24"><span class='ocrx_word' id='word_1_230' title='bbox 250 2881 338 2976; x_wconf 85' lang='lat' dir='ltr'>Cyri</span> <span class='ocrx_word' id='word_1_231' title='bbox 370 2883 509 2959; x_wconf 86' lang='lat' dir='ltr'>summa</span> <span class='ocrx_word' id='word_1_232' title='bbox 534 2883 673 2978; x_wconf 86' lang='lat' dir='ltr'>pietate</span> <span class='ocrx_word' id='word_1_233' title='bbox 700 2882 866 2978; x_wconf 79' lang='lat' dir='ltr'>religiose</span> <span class='ocrx_word' id='word_1_234' title='bbox 889 2885 1041 2964; x_wconf 87' lang='lat' dir='ltr'>cultum.</span> <span class='ocrx_word' id='word_1_235' title='bbox 1072 2885 1186 2962; x_wconf 88' lang='lat' dir='ltr'>·llluc</span> <span class='ocrx_word' id='word_1_236' title='bbox 1213 2887 1311 2960; x_wconf 90' lang='lat' dir='ltr'>enim</span> <span class='ocrx_word' id='word_1_237' title='bbox 1342 2887 1540 2962; x_wconf 86' lang='lat' dir='ltr'>veniebant</span> <span class='ocrx_word' id='word_1_238' title='bbox 1560 2909 1670 2982; x_wconf 76' lang='lat' dir='ltr'>reges</span> 
     </span>
     <span class='ocr_line' id='line_1_25' title="bbox 248 2979 1670 3078; baseline 0.006 -20"><span class='ocrx_word' id='word_1_239' title='bbox 248 2979 351 3058; x_wconf 90' lang='lat' dir='ltr'>initio</span> <span class='ocrx_word' id='word_1_240' title='bbox 375 2979 427 3055; x_wconf 91' lang='lat' dir='ltr'>sui</span> <span class='ocrx_word' id='word_1_241' title='bbox 454 2979 630 3078; x_wconf 87' lang='lat' dir='ltr'>imperii‚·</span> <span class='ocrx_word' id='word_1_242' title='bbox 652 2990 696 3054; x_wconf 85' lang='lat' dir='ltr'>ot</span> <span class='ocrx_word' id='word_1_243' title='bbox 723 2981 962 3060; x_wconf 84' lang='lat' dir='ltr'>induerentur</span> <span class='ocrx_word' id='word_1_244' title='bbox 985 2984 1084 3056; x_wconf 83' lang='lat' dir='ltr'>velie</span> <span class='ocrx_word' id='word_1_245' title='bbox 1103 2985 1211 3076; x_wconf 82' lang='lat' dir='ltr'>cyri,</span> <span class='ocrx_word' id='word_1_246' title='bbox 1242 2997 1284 3068; x_wconf 86' lang='lat' dir='ltr'>ut</span> <span class='ocrx_word' id='word_1_247' title='bbox 1306 2981 1537 3064; x_wconf 86' lang='lat' dir='ltr'>initiarentur</span> <span class='ocrx_word' id='word_1_248' title='bbox 1561 2986 1670 3068; x_wconf 81' lang='lat' dir='ltr'>sautia</span> 
     </span>
     <span class='ocr_line' id='line_1_26' title="bbox 248 3077 1669 3188; baseline 0.008 -32"><span class='ocrx_word' id='word_1_249' title='bbox 248 3080 379 3177; x_wconf 82' lang='lat' dir='ltr'>regiis,</span> <span class='ocrx_word' id='word_1_250' title='bbox 404 3091 521 3178; x_wconf 87' lang='lat' dir='ltr'>utque</span> <span class='ocrx_word' id='word_1_251' title='bbox 546 3077 780 3178; x_wconf 85' lang='lat' dir='ltr'>immolarent</span> <span class='ocrx_word' id='word_1_252' title='bbox 805 3079 886 3156; x_wconf 84' lang='lat' dir='ltr'>diis.</span> <span class='ocrx_word' id='word_1_253' title='bbox 946 3079 1086 3158; x_wconf 84' lang='lat' dir='ltr'>Eadem</span> <span class='ocrx_word' id='word_1_254' title='bbox 1112 3081 1291 3178; x_wconf 88' lang='lat' dir='ltr'>religione</span> <span class='ocrx_word' id='word_1_255' title='bbox 1321 3080 1504 3176; x_wconf 82' lang='lat' dir='ltr'>posteriori</span> <span class='ocrx_word' id='word_1_256' title='bbox 1529 3095 1669 3188; x_wconf 89' lang='lat' dir='ltr'>tempo·</span> 
     </span>
     <span class='ocr_line' id='line_1_27' title="bbox 246 3177 1668 3276; baseline 0.006 -18"><span class='ocrx_word' id='word_1_257' title='bbox 246 3207 287 3258; x_wconf 91' lang='lat' dir='ltr'>re</span> <span class='ocrx_word' id='word_1_258' title='bbox 312 3185 349 3272; x_wconf 89' lang='lat' dir='ltr'>o)</span> <span class='ocrx_word' id='word_1_259' title='bbox 378 3181 527 3258; x_wconf 85' lang='lat' dir='ltr'>coluisse</span> <span class='ocrx_word' id='word_1_260' title='bbox 546 3180 715 3256; x_wconf 88' lang='lat' dir='ltr'>videntur</span> <span class='ocrx_word' id='word_1_261' title='bbox 745 3179 872 3272; x_wconf 84' lang='lat' dir='ltr'>Persae</span> <span class='ocrx_word' id='word_1_262' title='bbox 897 3177 1097 3276; x_wconf 88' lang='lat' dir='ltr'>sepulcrum</span> <span class='ocrx_word' id='word_1_263' title='bbox 1122 3182 1232 3260; x_wconf 90' lang='lat' dir='ltr'>Darii.</span> <span class='ocrx_word' id='word_1_264' title='bbox 1291 3184 1378 3260; x_wconf 89' lang='lat' dir='ltr'>Huc</span> <span class='ocrx_word' id='word_1_265' title='bbox 1404 3189 1668 3267; x_wconf 74' lang='lat' dir='ltr'>ammonuisse</span> 
     </span>
     <span class='ocr_line' id='line_1_28' title="bbox 226 3281 1681 3388; baseline 0.004 -28"><span class='ocrx_word' id='word_1_266' title='bbox 226 3281 436 3364; x_wconf 87' lang='lat' dir='ltr'>Persarum</span> <span class='ocrx_word' id='word_1_267' title='bbox 457 3305 566 3378; x_wconf 85' lang='lat' dir='ltr'>reges</span> <span class='ocrx_word' id='word_1_268' title='bbox 589 3294 628 3362; x_wconf 94' lang='lat' dir='ltr'>et</span> <span class='ocrx_word' id='word_1_269' title='bbox 648 3281 762 3359; x_wconf 80' lang='lat' dir='ltr'>duces</span> <span class='ocrx_word' id='word_1_270' title='bbox 786 3282 976 3362; x_wconf 82' lang='lat' dir='ltr'>contundit</span> <span class='ocrx_word' id='word_1_271' title='bbox 998 3281 1181 3366; x_wconf 78' lang='lat' dir='ltr'>Diodorus</span> <span class='ocrx_word' id='word_1_272' title='bbox 1199 3286 1255 3383; x_wconf 87' lang='lat' dir='ltr'>p).</span> <span class='ocrx_word' id='word_1_273' title='bbox 1307 3283 1390 3362; x_wconf 85' lang='lat' dir='ltr'>Fuit</span> <span class='ocrx_word' id='word_1_274' title='bbox 1410 3289 1518 3388; x_wconf 87' lang='lat' dir='ltr'>igitur</span> <span class='ocrx_word' id='word_1_275' title='bbox 1534 3290 1681 3368; x_wconf 68' lang='lat' dir='ltr'>Tichil-¹</span> 
     </span>
    </p>
   </div>
   <div class='ocr_carea' id='block_1_13' title="bbox 1479 3391 1778 3472">
    <p class='ocr_par' dir='ltr' id='par_1_13' title="bbox 1479 3391 1778 3472">
     <span class='ocr_line' id='line_1_29' title="bbox 1479 3391 1778 3472; baseline 0.013 -4"><span class='ocrx_word' id='word_1_276' title='bbox 1479 3405 1480 3408; x_wconf 67' lang='lat'>‘</span> <span class='ocrx_word' id='word_1_277' title='bbox 1548 3391 1669 3472; x_wconf 79' lang='lat' dir='ltr'>Miner</span> <span class='ocrx_word' id='word_1_278' title='bbox 1774 3449 1778 3472; x_wconf 53' lang='lat' dir='ltr'>r</span> 
     </span>
    </p>
   </div>
   <div class='ocr_carea' id='block_1_14' title="bbox 287 3541 1708 3830">
    <p class='ocr_par' dir='ltr' id='par_1_14' title="bbox 287 3541 1708 3830">
     <span class='ocr_line' id='line_1_30' title="bbox 287 3541 1708 3650; baseline 0.004 -24"><span class='ocrx_word' id='word_1_279' title='bbox 287 3565 478 3640; x_wconf 67' lang='lat' dir='ltr'>kivetrrunr</span> <span class='ocrx_word' id='word_1_280' title='bbox 498 3559 550 3626; x_wconf 84' lang='lat' dir='ltr'>scri</span> <span class='ocrx_word' id='word_1_281' title='bbox 572 3577 670 3628; x_wconf 84' lang='lat' dir='ltr'>torum</span> <span class='ocrx_word' id='word_1_282' title='bbox 691 3564 726 3627; x_wconf 81' lang='lat' dir='ltr'>d&#39;e</span> <span class='ocrx_word' id='word_1_283' title='bbox 747 3565 891 3645; x_wconf 84' lang='lat' dir='ltr'>Persepoli</span> <span class='ocrx_word' id='word_1_284' title='bbox 905 3569 1067 3632; x_wconf 78' lang='lat' dir='ltr'>testimonia</span> <span class='ocrx_word' id='word_1_285' title='bbox 1086 3562 1208 3631; x_wconf 80' lang='lat' dir='ltr'>collecte</span> <span class='ocrx_word' id='word_1_286' title='bbox 1227 3567 1316 3632; x_wconf 80' lang='lat' dir='ltr'>haber</span> <span class='ocrx_word' id='word_1_287' title='bbox 1338 3565 1416 3650; x_wconf 87' lang='lat' dir='ltr'>apud</span> <span class='ocrx_word' id='word_1_288' title='bbox 1444 3541 1668 3634; x_wconf 76' lang='lat' dir='ltr'>Burssoruiura</span> <span class='ocrx_word' id='word_1_289' title='bbox 1700 3543 1708 3558; x_wconf 48' lang='lat'>⁸</span> 
     </span>
     <span class='ocr_line' id='line_1_31' title="bbox 327 3645 940 3732; baseline 0.003 -23"><span class='ocrx_word' id='word_1_290' title='bbox 327 3648 364 3711; x_wconf 88' lang='lat' dir='ltr'>dr</span> <span class='ocrx_word' id='word_1_291' title='bbox 383 3650 463 3732; x_wconf 81' lang='lat' dir='ltr'>regio</span> <span class='ocrx_word' id='word_1_292' title='bbox 483 3645 539 3708; x_wconf 86' lang='lat' dir='ltr'>Per</span> <span class='ocrx_word' id='word_1_293' title='bbox 554 3665 635 3709; x_wconf 81' lang='lat' dir='ltr'>eruta</span> <span class='ocrx_word' id='word_1_294' title='bbox 653 3651 822 3726; x_wconf 74' lang='lat' dir='ltr'>principare</span> <span class='ocrx_word' id='word_1_295' title='bbox 841 3667 872 3726; x_wconf 81' lang='lat' dir='ltr'>p.</span> <span class='ocrx_word' id='word_1_296' title='bbox 887 3651 940 3725; x_wconf 77' lang='grc'>96.</span> 
     </span>
     <span class='ocr_line' id='line_1_32' title="bbox 288 3747 1665 3830; baseline 0 -16"><span class='ocrx_word' id='word_1_297' title='bbox 288 3749 453 3825; x_wconf 73' lang='lat' dir='ltr'>illinita</span> <span class='ocrx_word' id='word_1_298' title='bbox 483 3750 598 3814; x_wconf 84' lang='lat' dir='ltr'>cedro</span> <span class='ocrx_word' id='word_1_299' title='bbox 623 3749 833 3816; x_wconf 79' lang='lat' dir='ltr'>aedificata</span> <span class='ocrx_word' id='word_1_300' title='bbox 862 3747 938 3810; x_wconf 85' lang='lat' dir='ltr'>suit</span> <span class='ocrx_word' id='word_1_301' title='bbox 967 3750 1072 3828; x_wconf 65' lang='lat' dir='ltr'>regie</span> <span class='ocrx_word' id='word_1_302' title='bbox 1095 3747 1407 3830; x_wconf 79' lang='lat' dir='ltr'>Persepolltene,</span> <span class='ocrx_word' id='word_1_303' title='bbox 1431 3751 1502 3828; x_wconf 70' lang='lat' dir='ltr'>ruia</span> <span class='ocrx_word' id='word_1_304' title='bbox 1523 3757 1665 3818; x_wconf 70' lang='lat' dir='ltr'>Cunaro</span> 
     </span>
    </p>
   </div>
   <div class='ocr_carea' id='block_1_15' title="bbox 327 3826 1840 3926">
    <p class='ocr_par' dir='ltr' id='par_1_15' title="bbox 327 3826 1840 3926">
     <span class='ocr_line' id='line_1_33' title="bbox 327 3826 1840 3926; baseline 0.003 -33"><span class='ocrx_word' id='word_1_305' title='bbox 327 3831 367 3896; x_wconf 79' lang='lat' dir='ltr'>V.</span> <span class='ocrx_word' id='word_1_306' title='bbox 386 3833 416 3895; x_wconf 92' lang='grc'>6.</span> <span class='ocrx_word' id='word_1_307' title='bbox 459 3826 720 3915; x_wconf 67' lang='lat' dir='ltr'>Superior&#39;paletli</span> <span class='ocrx_word' id='word_1_308' title='bbox 736 3829 887 3912; x_wconf 82' lang='lat' dir='ltr'>pa&#39;rr,⁰rel</span> <span class='ocrx_word' id='word_1_309' title='bbox 906 3843 1015 3895; x_wconf 71' lang='lat' dir='ltr'>tectum</span> <span class='ocrx_word' id='word_1_310' title='bbox 1035 3829 1150 3926; x_wconf 67' lang='lat' dir='ltr'>saltem,</span> <span class='ocrx_word' id='word_1_311' title='bbox 1169 3849 1204 3893; x_wconf 84' lang='lat' dir='ltr'>ex</span> <span class='ocrx_word' id='word_1_312' title='bbox 1219 3835 1300 3910; x_wconf 73' lang='lat' dir='ltr'>ligno</span> <span class='ocrx_word' id='word_1_313' title='bbox 1316 3832 1480 3902; x_wconf 63' lang='lat' dir='ltr'>corruebam</span> <span class='ocrx_word' id='word_1_314' title='bbox 1502 3831 1618 3898; x_wconf 77' lang='lat' dir='ltr'>rorrrffe</span> <span class='ocrx_word' id='word_1_315' title='bbox 1635 3848 1699 3898; x_wconf 87' lang='lat' dir='ltr'>et.</span> <span class='ocrx_word' id='word_1_316' title='bbox 1836 3873 1840 3885; x_wconf 86' lang='lat'><em>.</em></span> 
     </span>
    </p>
   </div>
   <div class='ocr_carea' id='block_1_16' title="bbox 283 3911 852 4099">
    <p class='ocr_par' dir='ltr' id='par_1_16' title="bbox 283 3911 852 4099">
     <span class='ocr_line' id='line_1_34' title="bbox 328 3911 852 4000; baseline -0.002 -28"><span class='ocrx_word' id='word_1_317' title='bbox 328 3927 497 3974; x_wconf 83' lang='lat' dir='ltr'>ornamenta</span> <span class='ocrx_word' id='word_1_318' title='bbox 523 3911 613 4000; x_wconf 82' lang='lat' dir='ltr'>multa</span> <span class='ocrx_word' id='word_1_319' title='bbox 642 3911 738 3994; x_wconf 72' lang='lat' dir='ltr'>lignee</span> <span class='ocrx_word' id='word_1_320' title='bbox 757 3913 852 3978; x_wconf 82' lang='lat' dir='ltr'>suere.</span> 
     </span>
     <span class='ocr_line' id='line_1_35' title="bbox 283 4013 659 4099; baseline 0.013 -21"><span class='ocrx_word' id='word_1_321' title='bbox 283 4013 330 4092; x_wconf 78' lang='lat' dir='ltr'>ar)</span> <span class='ocrx_word' id='word_1_322' title='bbox 351 4013 522 4096; x_wconf 70' lang='lat' dir='ltr'>Amieffirlr.</span> <span class='ocrx_word' id='word_1_323' title='bbox 545 4037 573 4099; x_wconf 85' lang='lat' dir='ltr'>p.</span> <span class='ocrx_word' id='word_1_324' title='bbox 590 4019 659 4084; x_wconf 80' lang='lat'>162.</span> 
     </span>
    </p>
   </div>
   <div class='ocr_carea' id='block_1_17' title="bbox 284 4115 1888 4210">
    <p class='ocr_par' dir='ltr' id='par_1_17' title="bbox 284 4115 1888 4210">
     <span class='ocr_line' id='line_1_36' title="bbox 284 4115 1888 4210; baseline 0.001 -23"><span class='ocrx_word' id='word_1_325' title='bbox 284 4125 320 4202; x_wconf 67' lang='lat' dir='ltr'>a)</span> <span class='ocrx_word' id='word_1_326' title='bbox 342 4121 436 4184; x_wconf 82' lang='lat' dir='ltr'>Docet</span> <span class='ocrx_word' id='word_1_327' title='bbox 447 4124 527 4198; x_wconf 84' lang='lat' dir='ltr'>lroe,</span> <span class='ocrx_word' id='word_1_328' title='bbox 550 4123 624 4184; x_wconf 84' lang='lat' dir='ltr'>eliir&#39;</span> <span class='ocrx_word' id='word_1_329' title='bbox 637 4123 763 4193; x_wconf 76' lang='lat' dir='ltr'>amidio.</span> <span class='ocrx_word' id='word_1_330' title='bbox 787 4123 860 4186; x_wconf 83' lang='lat' dir='ltr'>senia</span> <span class='ocrx_word' id='word_1_331' title='bbox 879 4125 975 4204; x_wconf 62' lang='lat' dir='ltr'>flaura</span> <span class='ocrx_word' id='word_1_332' title='bbox 994 4125 1152 4209; x_wconf 82' lang='lat' dir='ltr'>saepiutin</span> <span class='ocrx_word' id='word_1_333' title='bbox 1170 4120 1231 4186; x_wconf 81' lang='lat' dir='ltr'>illie</span> <span class='ocrx_word' id='word_1_334' title='bbox 1249 4127 1442 4189; x_wconf 69' lang='lat' dir='ltr'>monumentis</span> <span class='ocrx_word' id='word_1_335' title='bbox 1459 4123 1565 4204; x_wconf 75' lang='lat' dir='ltr'>obvia,</span> <span class='ocrx_word' id='word_1_336' title='bbox 1585 4115 1664 4210; x_wconf 74' lang='lat' dir='ltr'>,quie</span> <span class='ocrx_word' id='word_1_337' title='bbox 1801 4159 1804 4168; x_wconf 75' lang='lat'><em>,</em></span> <span class='ocrx_word' id='word_1_338' title='bbox 1875 4135 1888 4148; x_wconf 88' lang='grc'><em>“</em></span> 
     </span>
    </p>
   </div>
   <div class='ocr_carea' id='block_1_18' title="bbox 285 4201 1123 4394">
    <p class='ocr_par' dir='ltr' id='par_1_18' title="bbox 285 4201 1123 4394">
     <span class='ocr_line' id='line_1_37' title="bbox 326 4201 934 4280; baseline 0.015 -19"><span class='ocrx_word' id='word_1_339' title='bbox 326 4223 385 4262; x_wconf 86' lang='lat' dir='ltr'>non</span> <span class='ocrx_word' id='word_1_340' title='bbox 410 4201 565 4266; x_wconf 76' lang='lat' dir='ltr'>sacerdotia</span> <span class='ocrx_word' id='word_1_341' title='bbox 583 4203 630 4266; x_wconf 85' lang='lat' dir='ltr'>sed</span> <span class='ocrx_word' id='word_1_342' title='bbox 654 4209 731 4280; x_wconf 65' lang='lat' dir='ltr'>regie</span> <span class='ocrx_word' id='word_1_343' title='bbox 751 4205 791 4264; x_wconf 81' lang='lat' dir='ltr'>eii</span> <span class='ocrx_word' id='word_1_344' title='bbox 811 4202 934 4278; x_wconf 70' lang='lat' dir='ltr'>effigiet.</span> 
     </span>
     <span class='ocr_line' id='line_1_38' title="bbox 285 4307 1123 4394; baseline 0.005 -22"><span class='ocrx_word' id='word_1_345' title='bbox 285 4313 319 4386; x_wconf 84' lang='lat' dir='ltr'>a)</span> <span class='ocrx_word' id='word_1_346' title='bbox 340 4307 479 4390; x_wconf 76' lang='lat' dir='ltr'>intelligo</span> <span class='ocrx_word' id='word_1_347' title='bbox 501 4327 631 4392; x_wconf 84' lang='lat' dir='ltr'>tempora</span> <span class='ocrx_word' id='word_1_348' title='bbox 655 4313 761 4374; x_wconf 83' lang='lat' dir='ltr'>llerrit</span> <span class='ocrx_word' id='word_1_349' title='bbox 780 4313 901 4394; x_wconf 81' lang='lat' dir='ltr'>eiurque</span> <span class='ocrx_word' id='word_1_350' title='bbox 922 4309 1123 4377; x_wconf 76' lang='lat' dir='ltr'>secretiorum.</span> 
     </span>
    </p>
   </div>
   <div class='ocr_carea' id='block_1_19' title="bbox 223 4397 1665 4525">
    <p class='ocr_par' dir='ltr' id='par_1_19' title="bbox 223 4397 1665 4525">
     <span class='ocr_line' id='line_1_39' title="bbox 223 4397 1665 4525; baseline 0.001 -44"><span class='ocrx_word' id='word_1_351' title='bbox 223 4504 225 4525; x_wconf 83' lang='lat'>.</span> <span class='ocrx_word' id='word_1_352' title='bbox 284 4425 318 4497; x_wconf 81' lang='lat' dir='ltr'>p&gt;</span> <span class='ocrx_word' id='word_1_353' title='bbox 336 4420 519 4480; x_wconf 81' lang='lat' dir='ltr'>uronoroa</span> <span class='ocrx_word' id='word_1_354' title='bbox 543 4417 611 4484; x_wconf 83' lang='lat' dir='ltr'>src.</span> <span class='ocrx_word' id='word_1_355' title='bbox 632 4413 725 4486; x_wconf 74' lang='lat' dir='ltr'>lierni</span> <span class='ocrx_word' id='word_1_356' title='bbox 744 4397 777 4486; x_wconf 75' lang='lat' dir='ltr'>a&#39;t</span> <span class='ocrx_word' id='word_1_357' title='bbox 803 4419 858 4503; x_wconf 68' lang='lat' dir='ltr'>ria</span> <span class='ocrx_word' id='word_1_358' title='bbox 877 4404 977 4504; x_wconf 64' lang='lat' dir='ltr'>aare</span> <span class='ocrx_word' id='word_1_359' title='bbox 996 4421 1113 4509; x_wconf 67' lang='lat' dir='ltr'>cedrea</span> <span class='ocrx_word' id='word_1_360' title='bbox 1133 4421 1211 4500; x_wconf 67' lang='grc' dir='ltr'>ἦσαν</span> <span class='ocrx_word' id='word_1_361' title='bbox 1232 4417 1415 4508; x_wconf 74' lang='lat' dir='ltr'>aureliane</span> <span class='ocrx_word' id='word_1_362' title='bbox 1434 4416 1593 4502; x_wconf 68' lang='grc' dir='ltr'>βασιλικαὶ</span> <span class='ocrx_word' id='word_1_363' title='bbox 1614 4421 1665 4484; x_wconf 77' lang='lat' dir='ltr'>eal</span> 
     </span>
    </p>
   </div>
   <div class='ocr_carea' id='block_1_20' title="bbox 1008 4503 1661 4583">
    <p class='ocr_par' dir='ltr' id='par_1_20' title="bbox 1008 4503 1661 4583">
     <span class='ocr_line' id='line_1_40' title="bbox 1008 4503 1661 4583; baseline 0 -19"><span class='ocrx_word' id='word_1_364' title='bbox 1008 4563 1013 4578; x_wconf 75' lang='grc'>,</span> <span class='ocrx_word' id='word_1_365' title='bbox 1105 4503 1173 4572; x_wconf 69' lang='lat' dir='ltr'>Ca</span> <span class='ocrx_word' id='word_1_366' title='bbox 1236 4553 1242 4567; x_wconf 92' lang='lat'><strong>.</strong></span> <span class='ocrx_word' id='word_1_367' title='bbox 1555 4522 1661 4583; x_wconf 71' lang='lat' dir='ltr'>epura-</span> 
     </span>
    </p>
   </div>
   <div class='ocr_carea' id='block_1_21' title="bbox 0 0 2172 5384">
    <p class='ocr_par' dir='ltr' id='par_1_21' title="bbox 0 0 2172 5384">
     <span class='ocr_line' id='line_1_41' title="bbox 0 0 2172 5384; baseline 0 10"><span class='ocrx_word' id='word_1_368' title='bbox 0 0 2172 5384; x_wconf 95' lang='lat' dir='ltr'> </span> 
     </span>
    </p>
   </div>
  </div>
 </body>
</html>
