<?xml version="1.0" encoding="UTF-8"?>
<!DOCTYPE html PUBLIC "-//W3C//DTD XHTML 1.0 Transitional//EN"
    "http://www.w3.org/TR/xhtml1/DTD/xhtml1-transitional.dtd">
<html xmlns="http://www.w3.org/1999/xhtml" xml:lang="en" lang="en">
 <head>
  <title>
</title>
<meta http-equiv="Content-Type" content="text/html;charset=utf-8" />
  <meta name='ocr-system' content='tesseract 3.04.00' />
  <meta name='ocr-capabilities' content='ocr_page ocr_carea ocr_par ocr_line ocrx_word'/>
</head>
<body>
  <div class='ocr_page' id='page_1' title='image "./veterismediaeet01hoecgoog_0196.png"; bbox 0 0 4436 5388; ppageno 0'>
   <div class='ocr_carea' id='block_1_1' title="bbox 555 393 1801 522">
    <p class='ocr_par' dir='ltr' id='par_1_1' title="bbox 555 393 1801 522">
     <span class='ocr_line' id='line_1_1' title="bbox 555 393 1801 522; baseline -0.006 -30"><span class='ocrx_word' id='word_1_1' title='bbox 555 421 644 498; x_wconf 76' lang='lat' dir='ltr'>Cae.</span> <span class='ocrx_word' id='word_1_2' title='bbox 667 393 731 490; x_wconf 89' lang='lat' dir='ltr'>lll.</span> <span class='ocrx_word' id='word_1_3' title='bbox 782 416 1049 492; x_wconf 78' lang='lat' dir='ltr'>Monuarnuun</span> <span class='ocrx_word' id='word_1_4' title='bbox 1077 435 1127 488; x_wconf 81' lang='lat' dir='ltr'>an</span> <span class='ocrx_word' id='word_1_5' title='bbox 1153 440 1284 502; x_wconf 78' lang='lat' dir='ltr'>unanpr</span> <span class='ocrx_word' id='word_1_6' title='bbox 1308 417 1603 500; x_wconf 78' lang='lat' dir='ltr'>Krnmau&#39;roaaar.</span> <span class='ocrx_word' id='word_1_7' title='bbox 1659 473 1672 486; x_wconf 90' lang='lat'>.</span> <span class='ocrx_word' id='word_1_8' title='bbox 1726 439 1801 522; x_wconf 63' lang='lat'>¹²³,</span> 
     </span>
    </p>
   </div>
   <div class='ocr_carea' id='block_1_2' title="bbox 310 591 1878 936">
    <p class='ocr_par' dir='ltr' id='par_1_2' title="bbox 310 591 1878 936">
     <span class='ocr_line' id='line_1_2' title="bbox 350 591 1797 716; baseline 0 -18"><span class='ocrx_word' id='word_1_9' title='bbox 350 619 481 698; x_wconf 85' lang='lat' dir='ltr'>minua</span> <span class='ocrx_word' id='word_1_10' title='bbox 502 591 752 696; x_wconf 88' lang='lat' dir='ltr'>historicorum</span> <span class='ocrx_word' id='word_1_11' title='bbox 784 627 825 694; x_wconf 90' lang='lat' dir='ltr'>et</span> <span class='ocrx_word' id='word_1_12' title='bbox 859 629 1050 716; x_wconf 87' lang='lat' dir='ltr'>poetarum</span> <span class='ocrx_word' id='word_1_13' title='bbox 1087 624 1151 696; x_wconf 87' lang='lat' dir='ltr'>ore</span> <span class='ocrx_word' id='word_1_14' title='bbox 1178 619 1445 698; x_wconf 74' lang='lat' dir='ltr'>inclaruerunt.</span> <span class='ocrx_word' id='word_1_15' title='bbox 1487 619 1552 704; x_wconf 86' lang='lat' dir='ltr'>sie</span> <span class='ocrx_word' id='word_1_16' title='bbox 1579 591 1690 698; x_wconf 79' lang='lat' dir='ltr'>etiarn</span> <span class='ocrx_word' id='word_1_17' title='bbox 1717 597 1797 700; x_wconf 71' lang='lat' dir='ltr'>rna.</span> 
     </span>
     <span class='ocr_line' id='line_1_3' title="bbox 310 721 1798 818; baseline 0.004 -20"><span class='ocrx_word' id='word_1_18' title='bbox 310 755 327 770; x_wconf 83' lang='lat'><em>-</em></span> <span class='ocrx_word' id='word_1_19' title='bbox 352 737 533 800; x_wconf 89' lang='lat' dir='ltr'>numenta</span> <span class='ocrx_word' id='word_1_20' title='bbox 558 721 698 808; x_wconf 89' lang='lat' dir='ltr'>nostra,</span> <span class='ocrx_word' id='word_1_21' title='bbox 733 741 887 818; x_wconf 86' lang='lat' dir='ltr'>quorum</span> <span class='ocrx_word' id='word_1_22' title='bbox 917 743 1026 798; x_wconf 84' lang='lat' dir='ltr'>verus</span> <span class='ocrx_word' id='word_1_23' title='bbox 1052 733 1160 798; x_wconf 88' lang='lat' dir='ltr'>autor</span> <span class='ocrx_word' id='word_1_24' title='bbox 1190 723 1265 800; x_wconf 86' lang='lat' dir='ltr'>ianr</span> <span class='ocrx_word' id='word_1_25' title='bbox 1292 725 1465 802; x_wconf 82' lang='lat' dir='ltr'>obliuioni</span> <span class='ocrx_word' id='word_1_26' title='bbox 1485 726 1595 800; x_wconf 89' lang='lat' dir='ltr'>datus</span> <span class='ocrx_word' id='word_1_27' title='bbox 1616 735 1713 810; x_wconf 90' lang='lat' dir='ltr'>erat,</span> <span class='ocrx_word' id='word_1_28' title='bbox 1748 725 1798 804; x_wconf 87' lang='lat' dir='ltr'>ad</span> 
     </span>
     <span class='ocr_line' id='line_1_4' title="bbox 353 819 1878 936; baseline 0.004 -35"><span class='ocrx_word' id='word_1_29' title='bbox 353 825 522 901; x_wconf 77' lang='lat' dir='ltr'><strong>cosroen</strong></span> <span class='ocrx_word' id='word_1_30' title='bbox 552 826 768 902; x_wconf 87' lang='lat' dir='ltr'>retulerunt.</span> <span class='ocrx_word' id='word_1_31' title='bbox 825 819 930 919; x_wconf 83' lang='lat' dir='ltr'>Pleni</span> <span class='ocrx_word' id='word_1_32' title='bbox 963 824 1130 899; x_wconf 87' lang='lat' dir='ltr'>omniurn</span> <span class='ocrx_word' id='word_1_33' title='bbox 1167 826 1417 912; x_wconf 81' lang='lat' dir='ltr'>mirandorum</span> <span class='ocrx_word' id='word_1_34' title='bbox 1445 849 1542 924; x_wconf 88' lang='lat' dir='ltr'>quae</span> <span class='ocrx_word' id='word_1_35' title='bbox 1575 827 1624 902; x_wconf 88' lang='lat' dir='ltr'>de</span> <span class='ocrx_word' id='word_1_36' title='bbox 1654 827 1802 936; x_wconf 60' lang='lat' dir='ltr'>eostre,</span> <span class='ocrx_word' id='word_1_37' title='bbox 1875 844 1878 858; x_wconf 84' lang='grc'><strong>’</strong></span> 
     </span>
    </p>
   </div>
   <div class='ocr_carea' id='block_1_3' title="bbox 207 923 1796 1028">
    <p class='ocr_par' dir='ltr' id='par_1_3' title="bbox 207 923 1796 1028">
     <span class='ocr_line' id='line_1_5' title="bbox 207 923 1796 1028; baseline 0.004 -27"><span class='ocrx_word' id='word_1_38' title='bbox 207 927 211 935; x_wconf 81' lang='grc'><strong>’</strong></span> <span class='ocrx_word' id='word_1_39' title='bbox 351 927 721 1017; x_wconf 79' lang='lat' dir='ltr'>circumferebantur,</span> <span class='ocrx_word' id='word_1_40' title='bbox 753 937 1079 1002; x_wconf 85' lang='lat' dir='ltr'>monumentorum</span> <span class='ocrx_word' id='word_1_41' title='bbox 1113 926 1396 1021; x_wconf 50' lang='lat' dir='ltr'>duplicationem¹</span> <span class='ocrx_word' id='word_1_42' title='bbox 1420 923 1569 1028; x_wconf 78' lang='lat' dir='ltr'>aggredi</span> <span class='ocrx_word' id='word_1_43' title='bbox 1594 929 1695 1016; x_wconf 83' lang='lat' dir='ltr'>funt,</span> <span class='ocrx_word' id='word_1_44' title='bbox 1735 929 1796 1008; x_wconf 80' lang='lat' dir='ltr'>iir-</span> 
     </span>
    </p>
   </div>
   <div class='ocr_carea' id='block_1_4' title="bbox 273 1029 1794 1334">
    <p class='ocr_par' dir='ltr' id='par_1_4' title="bbox 273 1029 1794 1334">
     <span class='ocr_line' id='line_1_6' title="bbox 351 1029 1794 1130; baseline 0.001 -26"><span class='ocrx_word' id='word_1_45' title='bbox 351 1053 425 1129; x_wconf 88' lang='lat' dir='ltr'>que</span> <span class='ocrx_word' id='word_1_46' title='bbox 450 1029 609 1106; x_wconf 79' lang='lat' dir='ltr'>sabulosa</span> <span class='ocrx_word' id='word_1_47' title='bbox 632 1031 693 1107; x_wconf 85' lang='lat' dir='ltr'>illa</span> <span class='ocrx_word' id='word_1_48' title='bbox 724 1031 1062 1104; x_wconf 78' lang='lat' dir='ltr'>accommodarunt.</span> <span class='ocrx_word' id='word_1_49' title='bbox 1092 1029 1179 1114; x_wconf 55' lang='lat' dir='ltr'>»Eo</span> <span class='ocrx_word' id='word_1_50' title='bbox 1205 1029 1353 1130; x_wconf 66' lang='lat' dir='ltr'>facibus</span> <span class='ocrx_word' id='word_1_51' title='bbox 1383 1047 1475 1111; x_wconf 88' lang='lat' dir='ltr'>vern</span> <span class='ocrx_word' id='word_1_52' title='bbox 1501 1029 1575 1106; x_wconf 90' lang='lat' dir='ltr'>huc</span> <span class='ocrx_word' id='word_1_53' title='bbox 1606 1029 1699 1106; x_wconf 90' lang='lat' dir='ltr'>trabi</span> <span class='ocrx_word' id='word_1_54' title='bbox 1732 1055 1794 1130; x_wconf 87' lang='lat' dir='ltr'>po-</span> 
     </span>
     <span class='ocr_line' id='line_1_7' title="bbox 273 1130 1793 1232; baseline 0.003 -24"><span class='ocrx_word' id='word_1_55' title='bbox 273 1189 275 1198; x_wconf 54' lang='grc'>,</span> <span class='ocrx_word' id='word_1_56' title='bbox 343 1143 502 1222; x_wconf 78' lang='lat' dir='ltr'>&#39;tuerunt</span> <span class='ocrx_word' id='word_1_57' title='bbox 526 1131 611 1209; x_wconf 86' lang='lat' dir='ltr'>illae</span> <span class='ocrx_word' id='word_1_58' title='bbox 635 1134 682 1209; x_wconf 92' lang='lat' dir='ltr'>de</span> <span class='ocrx_word' id='word_1_59' title='bbox 706 1132 845 1206; x_wconf 76' lang='lat' dir='ltr'>cosroe</span> <span class='ocrx_word' id='word_1_60' title='bbox 869 1130 1033 1224; x_wconf 84' lang='lat' dir='ltr'>fabulae,</span> <span class='ocrx_word' id='word_1_61' title='bbox 1067 1151 1141 1226; x_wconf 89' lang='lat' dir='ltr'>quo</span> <span class='ocrx_word' id='word_1_62' title='bbox 1169 1135 1289 1228; x_wconf 82' lang='lat' dir='ltr'>magia</span> <span class='ocrx_word' id='word_1_63' title='bbox 1312 1133 1539 1229; x_wconf 85' lang='lat' dir='ltr'>anaglypha.</span> <span class='ocrx_word' id='word_1_64' title='bbox 1574 1131 1674 1232; x_wconf 85' lang='lat' dir='ltr'>longi</span> <span class='ocrx_word' id='word_1_65' title='bbox 1696 1143 1793 1212; x_wconf 87' lang='lat' dir='ltr'>tem·</span> 
     </span>
     <span class='ocr_line' id='line_1_8' title="bbox 348 1231 1793 1334; baseline 0.003 -25"><span class='ocrx_word' id='word_1_66' title='bbox 348 1235 450 1332; x_wconf 90' lang='lat' dir='ltr'>poris</span> <span class='ocrx_word' id='word_1_67' title='bbox 482 1233 651 1310; x_wconf 86' lang='lat' dir='ltr'>iniuriam</span> <span class='ocrx_word' id='word_1_68' title='bbox 686 1231 866 1334; x_wconf 87' lang='lat' dir='ltr'>perpessa,</span> <span class='ocrx_word' id='word_1_69' title='bbox 902 1233 1006 1310; x_wconf 88' lang='lat' dir='ltr'>exesa</span> <span class='ocrx_word' id='word_1_70' title='bbox 1030 1231 1161 1320; x_wconf 84' lang='lat' dir='ltr'>essent,</span> <span class='ocrx_word' id='word_1_71' title='bbox 1196 1235 1246 1310; x_wconf 87' lang='lat' dir='ltr'>ita</span> <span class='ocrx_word' id='word_1_72' title='bbox 1273 1247 1314 1310; x_wconf 87' lang='lat' dir='ltr'>ut</span> <span class='ocrx_word' id='word_1_73' title='bbox 1334 1233 1473 1311; x_wconf 87' lang='lat' dir='ltr'>multae</span> <span class='ocrx_word' id='word_1_74' title='bbox 1495 1255 1623 1310; x_wconf 86' lang='lat' dir='ltr'>eorum</span> <span class='ocrx_word' id='word_1_75' title='bbox 1647 1247 1793 1333; x_wconf 83' lang='lat' dir='ltr'>partes,</span> 
     </span>
    </p>
   </div>
   <div class='ocr_carea' id='block_1_5' title="bbox 340 1333 1945 1436">
    <p class='ocr_par' dir='ltr' id='par_1_5' title="bbox 340 1333 1945 1436">
     <span class='ocr_line' id='line_1_9' title="bbox 340 1333 1945 1436; baseline 0.001 -24"><span class='ocrx_word' id='word_1_76' title='bbox 340 1351 456 1436; x_wconf 85' lang='lat' dir='ltr'>prout</span> <span class='ocrx_word' id='word_1_77' title='bbox 480 1336 613 1426; x_wconf 83' lang='lat' dir='ltr'>velles,</span> <span class='ocrx_word' id='word_1_78' title='bbox 646 1335 759 1432; x_wconf 88' lang='lat' dir='ltr'>accipi</span> <span class='ocrx_word' id='word_1_79' title='bbox 790 1347 829 1408; x_wconf 89' lang='lat' dir='ltr'>et</span> <span class='ocrx_word' id='word_1_80' title='bbox 861 1335 1034 1428; x_wconf 86' lang='lat' dir='ltr'>explicari</span> <span class='ocrx_word' id='word_1_81' title='bbox 1066 1333 1215 1432; x_wconf 85' lang='lat' dir='ltr'>possent.</span> <span class='ocrx_word' id='word_1_82' title='bbox 1270 1336 1443 1414; x_wconf 77' lang='lat' dir='ltr'>‘cosroen</span> <span class='ocrx_word' id='word_1_83' title='bbox 1462 1359 1589 1433; x_wconf 30' lang='lat' dir='ltr'>,quoru</span> <span class='ocrx_word' id='word_1_84' title='bbox 1614 1337 1654 1424; x_wconf 85' lang='lat' dir='ltr'>ia</span> <span class='ocrx_word' id='word_1_85' title='bbox 1677 1336 1797 1418; x_wconf 80' lang='lat' dir='ltr'>statua</span> <span class='ocrx_word' id='word_1_86' title='bbox 1944 1364 1945 1374; x_wconf 48' lang='lat'>¹</span> 
     </span>
    </p>
   </div>
   <div class='ocr_carea' id='block_1_6' title="bbox 271 1419 1901 2043">
    <p class='ocr_par' dir='ltr' id='par_1_6' title="bbox 271 1419 1843 1742">
     <span class='ocr_line' id='line_1_10' title="bbox 341 1419 1790 1534; baseline 0.002 -18"><span class='ocrx_word' id='word_1_87' title='bbox 341 1437 408 1516; x_wconf 85' lang='lat' dir='ltr'>illa</span> <span class='ocrx_word' id='word_1_88' title='bbox 435 1438 590 1534; x_wconf 77' lang='lat' dir='ltr'>equestri</span> <span class='ocrx_word' id='word_1_89' title='bbox 616 1433 892 1534; x_wconf 74' lang='lat' dir='ltr'>deprehendisse</span> <span class='ocrx_word' id='word_1_90' title='bbox 914 1435 977 1512; x_wconf 84' lang='lat' dir='ltr'>hbi</span> <span class='ocrx_word' id='word_1_91' title='bbox 1003 1434 1064 1512; x_wconf 80' lang='lat' dir='ltr'>visi</span> <span class='ocrx_word' id='word_1_92' title='bbox 1096 1419 1211 1516; x_wconf 76' lang='lat' dir='ltr'>efferi</span> <span class='ocrx_word' id='word_1_93' title='bbox 1235 1437 1385 1527; x_wconf 81' lang='lat' dir='ltr'>Persae,</span> <span class='ocrx_word' id='word_1_94' title='bbox 1402 1449 1451 1514; x_wconf 88' lang='lat' dir='ltr'>et</span> <span class='ocrx_word' id='word_1_95' title='bbox 1470 1437 1790 1521; x_wconf 75' lang='lat' dir='ltr'>Schirinae&#39;locua</span> 
     </span>
     <span class='ocr_line' id='line_1_11' title="bbox 347 1535 1789 1634; baseline 0.002 -18"><span class='ocrx_word' id='word_1_96' title='bbox 347 1539 420 1616; x_wconf 80' lang='lat' dir='ltr'>elie</span> <span class='ocrx_word' id='word_1_97' title='bbox 450 1539 627 1626; x_wconf 88' lang='lat' dir='ltr'>debebat,</span> <span class='ocrx_word' id='word_1_98' title='bbox 660 1535 941 1614; x_wconf 83' lang='lat' dir='ltr'>decantatishmi</span> <span class='ocrx_word' id='word_1_99' title='bbox 971 1541 1072 1615; x_wconf 89' lang='lat' dir='ltr'>enirn</span> <span class='ocrx_word' id='word_1_100' title='bbox 1103 1537 1186 1634; x_wconf 81' lang='lat' dir='ltr'>suut</span> <span class='ocrx_word' id='word_1_101' title='bbox 1219 1551 1300 1617; x_wconf 89' lang='lat' dir='ltr'>toto</span> <span class='ocrx_word' id='word_1_102' title='bbox 1328 1539 1497 1620; x_wconf 86' lang='lat' dir='ltr'>Oriente.</span> <span class='ocrx_word' id='word_1_103' title='bbox 1515 1539 1664 1616; x_wconf 84' lang='lat' dir='ltr'>Cosroia</span> <span class='ocrx_word' id='word_1_104' title='bbox 1698 1563 1789 1622; x_wconf 84' lang='lat' dir='ltr'>oum</span> 
     </span>
     <span class='ocr_line' id='line_1_12' title="bbox 271 1639 1843 1736; baseline 0.001 -15"><span class='ocrx_word' id='word_1_105' title='bbox 271 1700 274 1708; x_wconf 69' lang='lat'>,</span> <span class='ocrx_word' id='word_1_106' title='bbox 343 1640 510 1721; x_wconf 84' lang='lat' dir='ltr'>Schiriua</span> <span class='ocrx_word' id='word_1_107' title='bbox 542 1663 698 1718; x_wconf 82' lang='lat' dir='ltr'>amores.</span> <span class='ocrx_word' id='word_1_108' title='bbox 743 1643 943 1718; x_wconf 86' lang='lat' dir='ltr'>Foeminae</span> <span class='ocrx_word' id='word_1_109' title='bbox 970 1641 1085 1716; x_wconf 86' lang='lat' dir='ltr'>¹buius</span> <span class='ocrx_word' id='word_1_110' title='bbox 1118 1639 1417 1736; x_wconf 83' lang='lat' dir='ltr'>liguramfacile</span> <span class='ocrx_word' id='word_1_111' title='bbox 1449 1643 1591 1717; x_wconf 78' lang='lat' dir='ltr'>invenit</span> <span class='ocrx_word' id='word_1_112' title='bbox 1623 1643 1790 1722; x_wconf 83' lang='lat' dir='ltr'>Orienta·</span> <span class='ocrx_word' id='word_1_113' title='bbox 1837 1669 1843 1683; x_wconf 71' lang='lat'><strong>¹</strong></span> 
     </span>
    </p>

    <p class='ocr_par' dir='ltr' id='par_1_7' title="bbox 294 1740 1901 2043">
     <span class='ocr_line' id='line_1_13' title="bbox 342 1740 1901 1844; baseline 0 -22"><span class='ocrx_word' id='word_1_114' title='bbox 342 1744 433 1822; x_wconf 92' lang='lat' dir='ltr'>lium</span> <span class='ocrx_word' id='word_1_115' title='bbox 465 1741 661 1840; x_wconf 85' lang='lat' dir='ltr'>phantafia.</span> <span class='ocrx_word' id='word_1_116' title='bbox 725 1741 872 1822; x_wconf 81' lang='lat' dir='ltr'>Vetusta</span> <span class='ocrx_word' id='word_1_117' title='bbox 903 1755 1008 1818; x_wconf 84' lang='lat' dir='ltr'>aetas</span> <span class='ocrx_word' id='word_1_118' title='bbox 1037 1740 1163 1818; x_wconf 85' lang='lat' dir='ltr'>effecit</span> <span class='ocrx_word' id='word_1_119' title='bbox 1191 1743 1322 1834; x_wconf 85' lang='lat' dir='ltr'>credo,</span> <span class='ocrx_word' id='word_1_120' title='bbox 1349 1755 1392 1819; x_wconf 90' lang='lat' dir='ltr'>ut</span> <span class='ocrx_word' id='word_1_121' title='bbox 1413 1743 1611 1818; x_wconf 83' lang='lat' dir='ltr'>nonnullae</span> <span class='ocrx_word' id='word_1_122' title='bbox 1637 1743 1788 1844; x_wconf 85' lang='lat' dir='ltr'>ligurae,</span> <span class='ocrx_word' id='word_1_123' title='bbox 1857 1775 1861 1783; x_wconf 92' lang='lat'>·</span> <span class='ocrx_word' id='word_1_124' title='bbox 1898 1777 1901 1786; x_wconf 59' lang='lat'>¹</span> 
     </span>
     <span class='ocr_line' id='line_1_14' title="bbox 294 1841 1787 1942; baseline -0.002 -20"><span class='ocrx_word' id='word_1_125' title='bbox 294 1843 298 1856; x_wconf 89' lang='grc'><strong>’</strong></span> <span class='ocrx_word' id='word_1_126' title='bbox 343 1842 460 1924; x_wconf 86' lang='lat' dir='ltr'>exesis</span> <span class='ocrx_word' id='word_1_127' title='bbox 483 1868 608 1934; x_wconf 82' lang='lat' dir='ltr'>earnm</span> <span class='ocrx_word' id='word_1_128' title='bbox 635 1841 852 1941; x_wconf 73' lang='lat' dir='ltr'>quidusdam</span> <span class='ocrx_word' id='word_1_129' title='bbox 882 1845 1065 1938; x_wconf 84' lang='lat' dir='ltr'>partibus,</span> <span class='ocrx_word' id='word_1_130' title='bbox 1091 1842 1311 1920; x_wconf 84' lang='lat' dir='ltr'>feminarum</span> <span class='ocrx_word' id='word_1_131' title='bbox 1334 1843 1499 1922; x_wconf 81' lang='lat' dir='ltr'>habeant</span> <span class='ocrx_word' id='word_1_132' title='bbox 1522 1842 1701 1942; x_wconf 73' lang='lat' dir='ltr'>speeiem,</span> <span class='ocrx_word' id='word_1_133' title='bbox 1730 1869 1787 1925; x_wconf 89' lang='lat' dir='ltr'>re.</span> 
     </span>
     <span class='ocr_line' id='line_1_15' title="bbox 342 1943 1818 2043; baseline 0.001 -16"><span class='ocrx_word' id='word_1_134' title='bbox 342 1943 532 2028; x_wconf 86' lang='lat' dir='ltr'>centillimi</span> <span class='ocrx_word' id='word_1_135' title='bbox 558 1949 653 2036; x_wconf 90' lang='lat' dir='ltr'>adeo</span> <span class='ocrx_word' id='word_1_136' title='bbox 685 1951 979 2043; x_wconf 77' lang='lat' dir='ltr'>peregrinaturos</span> <span class='ocrx_word' id='word_1_137' title='bbox 1011 1945 1172 2022; x_wconf 84' lang='lat' dir='ltr'>seminas</span> <span class='ocrx_word' id='word_1_138' title='bbox 1204 1944 1380 2022; x_wconf 88' lang='lat' dir='ltr'>invenisse</span> <span class='ocrx_word' id='word_1_139' title='bbox 1412 1948 1653 2024; x_wconf 88' lang='lat' dir='ltr'>contendunt.</span> <span class='ocrx_word' id='word_1_140' title='bbox 1719 1951 1818 2028; x_wconf 67' lang='lat' dir='ltr'>En·</span> 
     </span>
    </p>
   </div>
   <div class='ocr_carea' id='block_1_7' title="bbox 213 2043 1787 2136">
    <p class='ocr_par' dir='ltr' id='par_1_8' title="bbox 213 2043 1787 2136">
     <span class='ocr_line' id='line_1_16' title="bbox 213 2043 1787 2136; baseline -0.004 -6"><span class='ocrx_word' id='word_1_141' title='bbox 213 2071 222 2077; x_wconf 84' lang='lat'>·</span> <span class='ocrx_word' id='word_1_142' title='bbox 340 2064 426 2130; x_wconf 88' lang='lat' dir='ltr'>rant</span> <span class='ocrx_word' id='word_1_143' title='bbox 456 2071 564 2130; x_wconf 78' lang='lat' dir='ltr'>veroa</span> <span class='ocrx_word' id='word_1_144' title='bbox 597 2048 698 2124; x_wconf 88' lang='lat' dir='ltr'>nulla</span> <span class='ocrx_word' id='word_1_145' title='bbox 733 2050 854 2136; x_wconf 85' lang='lat' dir='ltr'>enirn,</span> <span class='ocrx_word' id='word_1_146' title='bbox 886 2063 931 2134; x_wconf 79' lang='lat' dir='ltr'>ut¹</span> <span class='ocrx_word' id='word_1_147' title='bbox 955 2045 1048 2122; x_wconf 86' lang='lat' dir='ltr'>insra</span> <span class='ocrx_word' id='word_1_148' title='bbox 1078 2043 1306 2134; x_wconf 55' lang='lat' dir='ltr'>videbimuss</span> <span class='ocrx_word' id='word_1_149' title='bbox 1340 2049 1479 2125; x_wconf 86' lang='lat' dir='ltr'>femina</span> <span class='ocrx_word' id='word_1_150' title='bbox 1509 2049 1615 2134; x_wconf 84' lang='lat' dir='ltr'>obvia</span> <span class='ocrx_word' id='word_1_151' title='bbox 1636 2047 1708 2126; x_wconf 82' lang='lat' dir='ltr'>est.</span> <span class='ocrx_word' id='word_1_152' title='bbox 1732 2087 1787 2108; x_wconf 87' lang='lat'>·-</span> 
     </span>
    </p>
   </div>
   <div class='ocr_carea' id='block_1_8' title="bbox 248 2143 1874 2556">
    <p class='ocr_par' dir='ltr' id='par_1_9' title="bbox 248 2143 1874 2556">
     <span class='ocr_line' id='line_1_17' title="bbox 341 2143 1805 2248; baseline -0.003 -16"><span class='ocrx_word' id='word_1_153' title='bbox 341 2151 467 2232; x_wconf 75' lang='lat' dir='ltr'>Testes</span> <span class='ocrx_word' id='word_1_154' title='bbox 500 2149 582 2226; x_wconf 88' lang='lat' dir='ltr'>sunt</span> <span class='ocrx_word' id='word_1_155' title='bbox 616 2173 723 2247; x_wconf 90' lang='lat' dir='ltr'>porro</span> <span class='ocrx_word' id='word_1_156' title='bbox 755 2156 1062 2248; x_wconf 88' lang='lat' dir='ltr'>peregrinatores,</span> <span class='ocrx_word' id='word_1_157' title='bbox 1096 2145 1274 2246; x_wconf 86' lang='lat' dir='ltr'>superesse</span> <span class='ocrx_word' id='word_1_158' title='bbox 1302 2151 1423 2226; x_wconf 85' lang='lat' dir='ltr'>adbuc</span> <span class='ocrx_word' id='word_1_159' title='bbox 1453 2149 1599 2247; x_wconf 74' lang='lat' dir='ltr'>uestigia</span> <span class='ocrx_word' id='word_1_160' title='bbox 1634 2143 1805 2240; x_wconf 58' lang='lat' dir='ltr'>canalis,x</span> 
     </span>
     <span class='ocr_line' id='line_1_18' title="bbox 339 2249 1784 2350; baseline -0.001 -16"><span class='ocrx_word' id='word_1_161' title='bbox 339 2275 512 2350; x_wconf 86' lang='lat' dir='ltr'>agrorum</span> <span class='ocrx_word' id='word_1_162' title='bbox 541 2251 807 2346; x_wconf 87' lang='lat' dir='ltr'>irrigandorum</span> <span class='ocrx_word' id='word_1_163' title='bbox 838 2251 965 2342; x_wconf 87' lang='lat' dir='ltr'>caula,</span> <span class='ocrx_word' id='word_1_164' title='bbox 999 2249 1229 2340; x_wconf 79' lang='lat' dir='ltr'>arridetur,</span> <span class='ocrx_word' id='word_1_165' title='bbox 1260 2277 1283 2338; x_wconf 87' lang='lat' dir='ltr'>e</span> <span class='ocrx_word' id='word_1_166' title='bbox 1308 2275 1398 2347; x_wconf 89' lang='lat' dir='ltr'>rupe</span> <span class='ocrx_word' id='word_1_167' title='bbox 1420 2251 1539 2330; x_wconf 81' lang='lat' dir='ltr'>excisi.</span> <span class='ocrx_word' id='word_1_168' title='bbox 1592 2253 1784 2348; x_wconf 75' lang='lat' dir='ltr'>Originum</span> 
     </span>
     <span class='ocr_line' id='line_1_19' title="bbox 248 2349 1784 2454; baseline 0.004 -26"><span class='ocrx_word' id='word_1_169' title='bbox 248 2423 251 2428; x_wconf 84' lang='lat'>.</span> <span class='ocrx_word' id='word_1_170' title='bbox 338 2357 403 2437; x_wconf 86' lang='lat' dir='ltr'>ille</span> <span class='ocrx_word' id='word_1_171' title='bbox 425 2354 529 2430; x_wconf 84' lang='lat' dir='ltr'>dedit</span> <span class='ocrx_word' id='word_1_172' title='bbox 547 2353 691 2431; x_wconf 83' lang='lat' dir='ltr'>fabulae</span> <span class='ocrx_word' id='word_1_173' title='bbox 716 2355 865 2432; x_wconf 83' lang='lat' dir='ltr'>derivo</span> <span class='ocrx_word' id='word_1_174' title='bbox 889 2353 1019 2454; x_wconf 86' lang='lat' dir='ltr'>lactis,</span> <span class='ocrx_word' id='word_1_175' title='bbox 1044 2366 1154 2448; x_wconf 81' lang='lat' dir='ltr'>quem</span> <span class='ocrx_word' id='word_1_176' title='bbox 1172 2349 1409 2430; x_wconf 73' lang='lat' dir='ltr'>obscurret</span> <span class='ocrx_word' id='word_1_177' title='bbox 1435 2353 1580 2430; x_wconf 87' lang='lat' dir='ltr'>iusserat</span> <span class='ocrx_word' id='word_1_178' title='bbox 1602 2355 1784 2436; x_wconf 89' lang='lat' dir='ltr'>Schirina.</span> 
     </span>
     <span class='ocr_line' id='line_1_20' title="bbox 338 2451 1874 2556; baseline -0.001 -20"><span class='ocrx_word' id='word_1_179' title='bbox 338 2457 544 2536; x_wconf 82' lang='lat' dir='ltr'>-Nuuus</span> <span class='ocrx_word' id='word_1_180' title='bbox 570 2457 819 2552; x_wconf 86' lang='lat' dir='ltr'>peregrinator</span> <span class='ocrx_word' id='word_1_181' title='bbox 844 2479 919 2530; x_wconf 90' lang='lat' dir='ltr'>non</span> <span class='ocrx_word' id='word_1_182' title='bbox 943 2470 1127 2530; x_wconf 87' lang='lat' dir='ltr'>memorat</span> <span class='ocrx_word' id='word_1_183' title='bbox 1148 2451 1364 2552; x_wconf 88' lang='lat' dir='ltr'>stupendum</span> <span class='ocrx_word' id='word_1_184' title='bbox 1387 2453 1476 2532; x_wconf 93' lang='lat' dir='ltr'>illud</span> <span class='ocrx_word' id='word_1_185' title='bbox 1493 2471 1656 2532; x_wconf 86' lang='lat' dir='ltr'>naturae</span> <span class='ocrx_word' id='word_1_186' title='bbox 1676 2471 1781 2556; x_wconf 65' lang='lat' dir='ltr'>opus,</span> <span class='ocrx_word' id='word_1_187' title='bbox 1872 2502 1874 2506; x_wconf 82' lang='grc'><em>·</em></span> 
     </span>
    </p>
   </div>
   <div class='ocr_carea' id='block_1_9' title="bbox 213 2553 1858 2753">
    <p class='ocr_par' dir='ltr' id='par_1_10' title="bbox 213 2553 1858 2753">
     <span class='ocr_line' id='line_1_21' title="bbox 215 2553 1858 2656; baseline 0.001 -21"><span class='ocrx_word' id='word_1_188' title='bbox 215 2620 220 2635; x_wconf 94' lang='grc'><strong>.</strong></span> <span class='ocrx_word' id='word_1_189' title='bbox 332 2555 631 2654; x_wconf 71' lang='grc' dir='ltr'>«τυρεω,[οἰ1ἰεεῑ</span> <span class='ocrx_word' id='word_1_190' title='bbox 657 2557 703 2630; x_wconf 92' lang='lat' dir='ltr'>ad</span> <span class='ocrx_word' id='word_1_191' title='bbox 726 2553 874 2632; x_wconf 89' lang='lat' dir='ltr'>amulsrn</span> <span class='ocrx_word' id='word_1_192' title='bbox 907 2557 985 2632; x_wconf 87' lang='lat' dir='ltr'>sere</span> <span class='ocrx_word' id='word_1_193' title='bbox 1010 2555 1210 2640; x_wconf 84' lang='lat' dir='ltr'>decliuem,</span> <span class='ocrx_word' id='word_1_194' title='bbox 1238 2556 1424 2634; x_wconf 85' lang='lat' dir='ltr'>inmensae</span> <span class='ocrx_word' id='word_1_195' title='bbox 1446 2555 1671 2646; x_wconf 83' lang='lat' dir='ltr'>altitudnls,</span> <span class='ocrx_word' id='word_1_196' title='bbox 1697 2583 1782 2656; x_wconf 84' lang='lat' dir='ltr'>qua·</span> <span class='ocrx_word' id='word_1_197' title='bbox 1855 2645 1858 2649; x_wconf 61' lang='grc'>,</span> 
     </span>
     <span class='ocr_line' id='line_1_22' title="bbox 213 2655 1841 2753; baseline 0 -15"><span class='ocrx_word' id='word_1_198' title='bbox 213 2697 219 2708; x_wconf 87' lang='grc'><em>·</em></span> <span class='ocrx_word' id='word_1_199' title='bbox 334 2676 424 2740; x_wconf 90' lang='lat' dir='ltr'>tuor</span> <span class='ocrx_word' id='word_1_200' title='bbox 451 2658 704 2736; x_wconf 84' lang='lat' dir='ltr'>milliariorum</span> <span class='ocrx_word' id='word_1_201' title='bbox 738 2657 989 2753; x_wconf 86' lang='lat' dir='ltr'>longitudinis.</span> <span class='ocrx_word' id='word_1_202' title='bbox 1055 2659 1104 2734; x_wconf 87' lang='lat' dir='ltr'>Et</span> <span class='ocrx_word' id='word_1_203' title='bbox 1132 2659 1225 2733; x_wconf 89' lang='lat' dir='ltr'>haec</span> <span class='ocrx_word' id='word_1_204' title='bbox 1261 2655 1464 2736; x_wconf 81' lang='lat' dir='ltr'>fabularum</span> <span class='ocrx_word' id='word_1_205' title='bbox 1501 2659 1624 2736; x_wconf 85' lang='lat' dir='ltr'>ansam</span> <span class='ocrx_word' id='word_1_206' title='bbox 1665 2659 1779 2738; x_wconf 88' lang='lat' dir='ltr'>dedit.</span> <span class='ocrx_word' id='word_1_207' title='bbox 1838 2693 1841 2726; x_wconf 78' lang='lat' dir='ltr'>t</span> 
     </span>
    </p>
   </div>
   <div class='ocr_carea' id='block_1_10' title="bbox 287 2757 1780 2856">
    <p class='ocr_par' dir='ltr' id='par_1_11' title="bbox 287 2757 1780 2856">
     <span class='ocr_line' id='line_1_23' title="bbox 287 2757 1780 2856; baseline 0.002 -20"><span class='ocrx_word' id='word_1_208' title='bbox 287 2831 289 2836; x_wconf 89' lang='lat'>.</span> <span class='ocrx_word' id='word_1_209' title='bbox 332 2765 459 2843; x_wconf 82' lang='lat' dir='ltr'>Penes</span> <span class='ocrx_word' id='word_1_210' title='bbox 486 2785 617 2836; x_wconf 90' lang='lat' dir='ltr'>omnes</span> <span class='ocrx_word' id='word_1_211' title='bbox 638 2761 809 2856; x_wconf 85' lang='lat' dir='ltr'>antiquas</span> <span class='ocrx_word' id='word_1_212' title='bbox 834 2776 966 2854; x_wconf 82' lang='lat' dir='ltr'>gentes</span> <span class='ocrx_word' id='word_1_213' title='bbox 996 2757 1284 2856; x_wconf 86' lang='lat' dir='ltr'>deprehenditur</span> <span class='ocrx_word' id='word_1_214' title='bbox 1316 2759 1470 2850; x_wconf 83' lang='lat' dir='ltr'>studium</span> <span class='ocrx_word' id='word_1_215' title='bbox 1502 2760 1645 2843; x_wconf 87' lang='lat' dir='ltr'>causam</span> <span class='ocrx_word' id='word_1_216' title='bbox 1670 2765 1780 2839; x_wconf 50' lang='lat' dir='ltr'>*luve-</span> 
     </span>
    </p>
   </div>
   <div class='ocr_carea' id='block_1_11' title="bbox 239 2859 1940 2960">
    <p class='ocr_par' dir='ltr' id='par_1_12' title="bbox 239 2859 1940 2960">
     <span class='ocr_line' id='line_1_24' title="bbox 239 2859 1940 2960; baseline 0.001 -19"><span class='ocrx_word' id='word_1_217' title='bbox 239 2912 244 2920; x_wconf 78' lang='lat'><em>,</em></span> <span class='ocrx_word' id='word_1_218' title='bbox 331 2865 462 2942; x_wconf 80' lang='lat' dir='ltr'>aiendi</span> <span class='ocrx_word' id='word_1_219' title='bbox 489 2885 637 2948; x_wconf 86' lang='lat' dir='ltr'>eorum,</span> <span class='ocrx_word' id='word_1_220' title='bbox 673 2884 768 2958; x_wconf 87' lang='lat' dir='ltr'>quae</span> <span class='ocrx_word' id='word_1_221' title='bbox 801 2874 950 2946; x_wconf 84' lang='lat' dir='ltr'>natura,</span> <span class='ocrx_word' id='word_1_222' title='bbox 974 2861 1081 2960; x_wconf 85' lang='lat' dir='ltr'>cuius</span> <span class='ocrx_word' id='word_1_223' title='bbox 1110 2859 1183 2937; x_wconf 85' lang='lat' dir='ltr'>vim</span> <span class='ocrx_word' id='word_1_224' title='bbox 1216 2883 1342 2960; x_wconf 88' lang='lat' dir='ltr'>parum</span> <span class='ocrx_word' id='word_1_225' title='bbox 1369 2869 1621 2958; x_wconf 86' lang='lat' dir='ltr'>percognitam</span> <span class='ocrx_word' id='word_1_226' title='bbox 1646 2861 1777 2946; x_wconf 86' lang='lat' dir='ltr'>habuit</span> <span class='ocrx_word' id='word_1_227' title='bbox 1899 2887 1940 2960; x_wconf 67' lang='lat'>¹,</span> 
     </span>
    </p>
   </div>
   <div class='ocr_carea' id='block_1_12' title="bbox 185 2961 1827 3676">
    <p class='ocr_par' dir='ltr' id='par_1_13' title="bbox 185 2961 1777 3064">
     <span class='ocr_line' id='line_1_25' title="bbox 185 2961 1777 3064; baseline -0.001 -19"><span class='ocrx_word' id='word_1_228' title='bbox 185 3001 191 3010; x_wconf 92' lang='lat'><em>·</em></span> <span class='ocrx_word' id='word_1_229' title='bbox 330 2969 461 3044; x_wconf 73' lang='lat' dir='ltr'>rudior</span> <span class='ocrx_word' id='word_1_230' title='bbox 476 2963 706 3062; x_wconf 83' lang='lat' dir='ltr'>antiquitas,</span> <span class='ocrx_word' id='word_1_231' title='bbox 735 2961 893 3047; x_wconf 70' lang='lat' dir='ltr'>miraet</span> <span class='ocrx_word' id='word_1_232' title='bbox 917 2963 968 3038; x_wconf 87' lang='lat' dir='ltr'>stu</span> <span class='ocrx_word' id='word_1_233' title='bbox 997 2961 1089 3064; x_wconf 84' lang='lat' dir='ltr'>enda</span> <span class='ocrx_word' id='word_1_234' title='bbox 1113 2963 1274 3061; x_wconf 89' lang='lat' dir='ltr'>protulit.</span> <span class='ocrx_word' id='word_1_235' title='bbox 1327 2963 1394 3042; x_wconf 91' lang='lat' dir='ltr'>Vel</span> <span class='ocrx_word' id='word_1_236' title='bbox 1420 2988 1442 3038; x_wconf 89' lang='lat' dir='ltr'>a</span> <span class='ocrx_word' id='word_1_237' title='bbox 1463 2964 1544 3040; x_wconf 91' lang='lat' dir='ltr'>Diis</span> <span class='ocrx_word' id='word_1_238' title='bbox 1568 2987 1610 3040; x_wconf 88' lang='lat' dir='ltr'>ea</span> <span class='ocrx_word' id='word_1_239' title='bbox 1635 2978 1777 3062; x_wconf 81' lang='lat' dir='ltr'>repete·</span> 
     </span>
    </p>

    <p class='ocr_par' dir='ltr' id='par_1_14' title="bbox 327 2987 1827 3676">
     <span class='ocr_line' id='line_1_26' title="bbox 329 2987 994 3172; baseline -0.014 -27"><span class='ocrx_word' id='word_1_240' title='bbox 329 3069 487 3172; x_wconf 74' lang='lat' dir='ltr'>bantur,</span> <span class='ocrx_word' id='word_1_241' title='bbox 510 3066 572 3142; x_wconf 77' lang='lat' dir='ltr'>vel</span> <span class='ocrx_word' id='word_1_242' title='bbox 595 3065 642 3139; x_wconf 91' lang='lat' dir='ltr'>ad</span> <span class='ocrx_word' id='word_1_243' title='bbox 659 3065 829 3140; x_wconf 87' lang='lat' dir='ltr'>homines</span> <span class='ocrx_word' id='word_1_244' title='bbox 848 2987 994 3138; x_wconf 58' lang='lat' dir='ltr'>reiensi</span> 
     </span>
     <span class='ocr_line' id='line_1_27' title="bbox 328 3163 1776 3265; baseline 0 -21"><span class='ocrx_word' id='word_1_245' title='bbox 328 3171 525 3265; x_wconf 78' lang='lat' dir='ltr'>gigantes,</span> <span class='ocrx_word' id='word_1_246' title='bbox 549 3165 634 3240; x_wconf 92' lang='lat' dir='ltr'>hinc</span> <span class='ocrx_word' id='word_1_247' title='bbox 660 3163 794 3239; x_wconf 65' lang='lat' dir='ltr'>herotis</span> <span class='ocrx_word' id='word_1_248' title='bbox 817 3163 1027 3258; x_wconf 86' lang='lat' dir='ltr'>excogitati.</span> <span class='ocrx_word' id='word_1_249' title='bbox 1081 3165 1134 3240; x_wconf 83' lang='lat' dir='ltr'>lta</span> <span class='ocrx_word' id='word_1_250' title='bbox 1162 3166 1303 3252; x_wconf 89' lang='lat' dir='ltr'>evenit,</span> <span class='ocrx_word' id='word_1_251' title='bbox 1328 3180 1369 3241; x_wconf 91' lang='lat' dir='ltr'>ut</span> <span class='ocrx_word' id='word_1_252' title='bbox 1385 3165 1591 3255; x_wconf 88' lang='lat' dir='ltr'>Ferhadus,</span> <span class='ocrx_word' id='word_1_253' title='bbox 1620 3167 1776 3264; x_wconf 88' lang='lat' dir='ltr'>sculptor</span> 
     </span>
     <span class='ocr_line' id='line_1_28' title="bbox 329 3261 1774 3372; baseline -0.001 -23"><span class='ocrx_word' id='word_1_254' title='bbox 329 3269 479 3350; x_wconf 73' lang='lat' dir='ltr'>Persian</span> <span class='ocrx_word' id='word_1_255' title='bbox 518 3263 797 3352; x_wconf 84' lang='lat' dir='ltr'>celeberrimus,</span> <span class='ocrx_word' id='word_1_256' title='bbox 841 3267 900 3340; x_wconf 91' lang='lat' dir='ltr'>cui</span> <span class='ocrx_word' id='word_1_257' title='bbox 937 3261 1052 3338; x_wconf 87' lang='lat' dir='ltr'>multa</span> <span class='ocrx_word' id='word_1_258' title='bbox 1090 3279 1332 3360; x_wconf 87' lang='lat' dir='ltr'>monumenta</span> <span class='ocrx_word' id='word_1_259' title='bbox 1374 3267 1523 3372; x_wconf 89' lang='lat' dir='ltr'>antiqua</span> <span class='ocrx_word' id='word_1_260' title='bbox 1553 3267 1774 3360; x_wconf 89' lang='lat' dir='ltr'>tribuuntur,</span> 
     </span>
     <span class='ocr_line' id='line_1_29' title="bbox 333 3363 1774 3472; baseline 0.001 -22"><span class='ocrx_word' id='word_1_261' title='bbox 333 3389 503 3450; x_wconf 82' lang='lat' dir='ltr'>montem</span> <span class='ocrx_word' id='word_1_262' title='bbox 529 3367 632 3444; x_wconf 91' lang='lat' dir='ltr'>illum</span> <span class='ocrx_word' id='word_1_263' title='bbox 659 3366 838 3442; x_wconf 87' lang='lat' dir='ltr'>decbvem</span> <span class='ocrx_word' id='word_1_264' title='bbox 866 3365 967 3442; x_wconf 88' lang='lat' dir='ltr'>caelo</span> <span class='ocrx_word' id='word_1_265' title='bbox 991 3363 1162 3462; x_wconf 76' lang='lat' dir='ltr'>scalpsisse</span> <span class='ocrx_word' id='word_1_266' title='bbox 1183 3377 1383 3472; x_wconf 86' lang='lat' dir='ltr'>putaretur.</span> <span class='ocrx_word' id='word_1_267' title='bbox 1437 3369 1492 3445; x_wconf 84' lang='lat' dir='ltr'>Eo</span> <span class='ocrx_word' id='word_1_268' title='bbox 1518 3369 1660 3446; x_wconf 88' lang='lat' dir='ltr'>facilius</span> <span class='ocrx_word' id='word_1_269' title='bbox 1687 3371 1774 3450; x_wconf 90' lang='lat' dir='ltr'>oriri</span> 
     </span>
     <span class='ocr_line' id='line_1_30' title="bbox 327 3466 1770 3574; baseline -0.001 -22"><span class='ocrx_word' id='word_1_270' title='bbox 327 3476 455 3574; x_wconf 81' lang='lat' dir='ltr'>potuit</span> <span class='ocrx_word' id='word_1_271' title='bbox 475 3472 568 3546; x_wconf 87' lang='lat' dir='ltr'>haec</span> <span class='ocrx_word' id='word_1_272' title='bbox 587 3467 776 3551; x_wconf 87' lang='lat' dir='ltr'>sententia,</span> <span class='ocrx_word' id='word_1_273' title='bbox 798 3469 896 3566; x_wconf 89' lang='lat' dir='ltr'>quod</span> <span class='ocrx_word' id='word_1_274' title='bbox 918 3466 1042 3548; x_wconf 78' lang='lat' dir='ltr'>mrrltis</span> <span class='ocrx_word' id='word_1_275' title='bbox 1062 3467 1153 3542; x_wconf 93' lang='lat' dir='ltr'>locis</span> <span class='ocrx_word' id='word_1_276' title='bbox 1174 3491 1298 3543; x_wconf 86' lang='lat' dir='ltr'>reuera</span> <span class='ocrx_word' id='word_1_277' title='bbox 1323 3468 1448 3565; x_wconf 87' lang='lat' dir='ltr'>scalpri</span> <span class='ocrx_word' id='word_1_278' title='bbox 1470 3469 1604 3551; x_wconf 87' lang='lat' dir='ltr'>indicia</span> <span class='ocrx_word' id='word_1_279' title='bbox 1625 3472 1770 3570; x_wconf 82' lang='lat' dir='ltr'>adsunt,</span> 
     </span>
     <span class='ocr_line' id='line_1_31' title="bbox 334 3569 1827 3676; baseline -0.003 -21"><span class='ocrx_word' id='word_1_280' title='bbox 334 3591 374 3654; x_wconf 89' lang='lat' dir='ltr'>et</span> <span class='ocrx_word' id='word_1_281' title='bbox 396 3574 539 3672; x_wconf 80' lang='lat' dir='ltr'>vestigia</span> <span class='ocrx_word' id='word_1_282' title='bbox 573 3569 686 3646; x_wconf 90' lang='lat' dir='ltr'>scalae</span> <span class='ocrx_word' id='word_1_283' title='bbox 716 3569 796 3666; x_wconf 91' lang='lat' dir='ltr'>rupi</span> <span class='ocrx_word' id='word_1_284' title='bbox 825 3569 960 3647; x_wconf 88' lang='lat' dir='ltr'>incisae</span> <span class='ocrx_word' id='word_1_285' title='bbox 987 3569 1235 3645; x_wconf 89' lang='lat' dir='ltr'>inveniuntur.</span> <span class='ocrx_word' id='word_1_286' title='bbox 1288 3570 1507 3676; x_wconf 74' lang='lat' dir='ltr'>connexum</span> <span class='ocrx_word' id='word_1_287' title='bbox 1536 3597 1683 3672; x_wconf 86' lang='lat' dir='ltr'>quoque</span> <span class='ocrx_word' id='word_1_288' title='bbox 1705 3577 1771 3656; x_wconf 80' lang='lat' dir='ltr'>hu.</span> <span class='ocrx_word' id='word_1_289' title='bbox 1825 3657 1827 3662; x_wconf 63' lang='grc'>,</span> 
     </span>
    </p>
   </div>
   <div class='ocr_carea' id='block_1_13' title="bbox 994 3063 2032 3159">
    <p class='ocr_par' dir='ltr' id='par_1_15' title="bbox 994 3063 2032 3159">
     <span class='ocr_line' id='line_1_32' title="bbox 994 3063 2032 3159; baseline -0.003 -19"><span class='ocrx_word' id='word_1_290' title='bbox 994 3078 1101 3140; x_wconf 86' lang='lat' dir='ltr'>autur</span> <span class='ocrx_word' id='word_1_291' title='bbox 1122 3063 1256 3137; x_wconf 86' lang='lat' dir='ltr'>divinis</span> <span class='ocrx_word' id='word_1_292' title='bbox 1274 3066 1410 3139; x_wconf 86' lang='lat' dir='ltr'>viribus</span> <span class='ocrx_word' id='word_1_293' title='bbox 1428 3065 1625 3159; x_wconf 89' lang='lat' dir='ltr'>praeditos.</span> <span class='ocrx_word' id='word_1_294' title='bbox 1665 3067 1777 3144; x_wconf 80' lang='lat' dir='ltr'>Hinc</span> <span class='ocrx_word' id='word_1_295' title='bbox 1829 3130 1832 3141; x_wconf 87' lang='lat'>.</span> <span class='ocrx_word' id='word_1_296' title='bbox 1896 3075 1905 3102; x_wconf 90' lang='grc'>’·</span> <span class='ocrx_word' id='word_1_297' title='bbox 2026 3087 2032 3114; x_wconf 68' lang='grc'><em>»</em></span> 
     </span>
    </p>
   </div>
   <div class='ocr_carea' id='block_1_14' title="bbox 326 3669 2081 3976">
    <p class='ocr_par' dir='ltr' id='par_1_16' title="bbox 326 3669 2081 3976">
     <span class='ocr_line' id='line_1_33' title="bbox 326 3669 2081 3765; baseline -0.001 -9"><span class='ocrx_word' id='word_1_298' title='bbox 326 3679 393 3756; x_wconf 78' lang='lat' dir='ltr'>ius</span> <span class='ocrx_word' id='word_1_299' title='bbox 412 3677 465 3758; x_wconf 88' lang='lat' dir='ltr'>rei</span> <span class='ocrx_word' id='word_1_300' title='bbox 489 3697 573 3750; x_wconf 91' lang='lat' dir='ltr'>cum</span> <span class='ocrx_word' id='word_1_301' title='bbox 595 3671 745 3750; x_wconf 85' lang='lat' dir='ltr'>Cosrois</span> <span class='ocrx_word' id='word_1_302' title='bbox 765 3684 804 3746; x_wconf 90' lang='lat' dir='ltr'>et</span> <span class='ocrx_word' id='word_1_303' title='bbox 825 3670 1016 3748; x_wconf 92' lang='lat' dir='ltr'>Schirinae</span> <span class='ocrx_word' id='word_1_304' title='bbox 1037 3669 1181 3748; x_wconf 89' lang='lat' dir='ltr'>hisloria</span> <span class='ocrx_word' id='word_1_305' title='bbox 1201 3671 1311 3748; x_wconf 80' lang='lat' dir='ltr'>facile</span> <span class='ocrx_word' id='word_1_306' title='bbox 1330 3671 1681 3762; x_wconf 79' lang='lat' dir='ltr'>inuenit,Perla‘rum</span> <span class='ocrx_word' id='word_1_307' title='bbox 1706 3677 1771 3756; x_wconf 89' lang='lat' dir='ltr'>lin·</span> <span class='ocrx_word' id='word_1_308' title='bbox 1878 3689 1885 3708; x_wconf 90' lang='lat'><strong><em>‘</em></strong></span> <span class='ocrx_word' id='word_1_309' title='bbox 2008 3679 2018 3691; x_wconf 77' lang='lat'>‘</span> <span class='ocrx_word' id='word_1_310' title='bbox 2075 3756 2081 3765; x_wconf 79' lang='grc'><em>,</em></span> 
     </span>
     <span class='ocr_line' id='line_1_34' title="bbox 328 3765 1912 3879; baseline -0.001 -23"><span class='ocrx_word' id='word_1_311' title='bbox 328 3782 446 3876; x_wconf 83' lang='lat' dir='ltr'>gendi</span> <span class='ocrx_word' id='word_1_312' title='bbox 464 3776 630 3854; x_wconf 87' lang='lat' dir='ltr'>studium.</span> <span class='ocrx_word' id='word_1_313' title='bbox 678 3773 828 3852; x_wconf 82' lang='lat' dir='ltr'>Cosrois</span> <span class='ocrx_word' id='word_1_314' title='bbox 851 3773 941 3849; x_wconf 78' lang='lat' dir='ltr'>iulio</span> <span class='ocrx_word' id='word_1_315' title='bbox 963 3797 1056 3870; x_wconf 91' lang='lat' dir='ltr'>opus</span> <span class='ocrx_word' id='word_1_316' title='bbox 1074 3775 1276 3872; x_wconf 85' lang='lat' dir='ltr'>perfectum</span> <span class='ocrx_word' id='word_1_317' title='bbox 1293 3765 1593 3873; x_wconf 82' lang='lat' dir='ltr'>praetendebant,</span> <span class='ocrx_word' id='word_1_318' title='bbox 1610 3774 1769 3879; x_wconf 85' lang='lat' dir='ltr'>ideoque</span> <span class='ocrx_word' id='word_1_319' title='bbox 1907 3845 1912 3854; x_wconf 91' lang='lat'>.</span> 
     </span>
     <span class='ocr_line' id='line_1_35' title="bbox 332 3874 1958 3976; baseline -0.003 -17"><span class='ocrx_word' id='word_1_320' title='bbox 332 3885 432 3960; x_wconf 87' lang='lat' dir='ltr'>fama</span> <span class='ocrx_word' id='word_1_321' title='bbox 457 3893 497 3954; x_wconf 87' lang='lat' dir='ltr'>et</span> <span class='ocrx_word' id='word_1_322' title='bbox 518 3881 633 3975; x_wconf 86' lang='lat' dir='ltr'>gloria</span> <span class='ocrx_word' id='word_1_323' title='bbox 657 3874 694 3950; x_wconf 91' lang='lat' dir='ltr'>in</span> <span class='ocrx_word' id='word_1_324' title='bbox 717 3875 816 3950; x_wconf 89' lang='lat' dir='ltr'>hunc</span> <span class='ocrx_word' id='word_1_325' title='bbox 840 3876 953 3976; x_wconf 89' lang='lat' dir='ltr'>ipsum</span> <span class='ocrx_word' id='word_1_326' title='bbox 975 3875 1166 3954; x_wconf 87' lang='lat' dir='ltr'>Persarum</span> <span class='ocrx_word' id='word_1_327' title='bbox 1193 3875 1506 3954; x_wconf 81' lang='lat' dir='ltr'>celebratissimum</span> <span class='ocrx_word' id='word_1_328' title='bbox 1541 3880 1684 3960; x_wconf 85' lang='lat' dir='ltr'>cecidit.</span> <span class='ocrx_word' id='word_1_329' title='bbox 1716 3919 1768 3940; x_wconf 85' lang='lat'>·-</span> <span class='ocrx_word' id='word_1_330' title='bbox 1822 3922 1841 3954; x_wconf 56' lang='grc' dir='ltr'>ι.</span> <span class='ocrx_word' id='word_1_331' title='bbox 1956 3883 1958 3886; x_wconf 82' lang='grc'><strong>’</strong></span> 
     </span>
    </p>
   </div>
   <div class='ocr_carea' id='block_1_15' title="bbox 330 3973 1767 4078">
    <p class='ocr_par' dir='ltr' id='par_1_17' title="bbox 330 3973 1767 4078">
     <span class='ocr_line' id='line_1_36' title="bbox 330 3973 1767 4078; baseline 0.001 -19"><span class='ocrx_word' id='word_1_332' title='bbox 330 3987 537 4076; x_wconf 81' lang='lat' dir='ltr'>Hucusque</span> <span class='ocrx_word' id='word_1_333' title='bbox 566 3973 733 4078; x_wconf 84' lang='lat' dir='ltr'>reperisse</span> <span class='ocrx_word' id='word_1_334' title='bbox 761 3978 866 4068; x_wconf 89' lang='lat' dir='ltr'>nobis</span> <span class='ocrx_word' id='word_1_335' title='bbox 897 3976 959 4054; x_wconf 86' lang='lat' dir='ltr'>visr</span> <span class='ocrx_word' id='word_1_336' title='bbox 992 3977 1116 4056; x_wconf 86' lang='lat' dir='ltr'>sumus</span> <span class='ocrx_word' id='word_1_337' title='bbox 1151 4003 1248 4078; x_wconf 88' lang='lat' dir='ltr'>quae</span> <span class='ocrx_word' id='word_1_338' title='bbox 1278 3977 1470 4060; x_wconf 84' lang='lat' dir='ltr'>fictionum</span> <span class='ocrx_word' id='word_1_339' title='bbox 1503 3981 1627 4060; x_wconf 90' lang='lat' dir='ltr'>ansam</span> <span class='ocrx_word' id='word_1_340' title='bbox 1656 3983 1767 4060; x_wconf 90' lang='lat' dir='ltr'>dede·</span> 
     </span>
    </p>
   </div>
   <div class='ocr_carea' id='block_1_16' title="bbox 332 4079 1896 4192">
    <p class='ocr_par' dir='ltr' id='par_1_18' title="bbox 332 4079 1896 4192">
     <span class='ocr_line' id='line_1_37' title="bbox 332 4079 1896 4192; baseline -0.003 -28"><span class='ocrx_word' id='word_1_341' title='bbox 332 4090 424 4170; x_wconf 78' lang='lat' dir='ltr'>rintr</span> <span class='ocrx_word' id='word_1_342' title='bbox 451 4085 521 4160; x_wconf 89' lang='lat' dir='ltr'>alia</span> <span class='ocrx_word' id='word_1_343' title='bbox 544 4094 669 4158; x_wconf 89' lang='lat' dir='ltr'>tamen</span> <span class='ocrx_word' id='word_1_344' title='bbox 691 4079 873 4158; x_wconf 86' lang='lat' dir='ltr'>habentur</span> <span class='ocrx_word' id='word_1_345' title='bbox 897 4081 935 4156; x_wconf 94' lang='lat' dir='ltr'>in</span> <span class='ocrx_word' id='word_1_346' title='bbox 955 4081 1106 4159; x_wconf 73' lang='lat' dir='ltr'>Corvini</span> <span class='ocrx_word' id='word_1_347' title='bbox 1126 4081 1383 4177; x_wconf 84' lang='lat' dir='ltr'>descriptione,</span> <span class='ocrx_word' id='word_1_348' title='bbox 1410 4105 1505 4178; x_wconf 88' lang='lat' dir='ltr'>quae</span> <span class='ocrx_word' id='word_1_349' title='bbox 1531 4085 1668 4182; x_wconf 86' lang='lat' dir='ltr'>quibus</span> <span class='ocrx_word' id='word_1_350' title='bbox 1687 4107 1767 4162; x_wconf 85' lang='lat' dir='ltr'>mo·</span> <span class='ocrx_word' id='word_1_351' title='bbox 1885 4173 1896 4192; x_wconf 23' lang='grc' dir='ltr'>ἱ</span> 
     </span>
    </p>
   </div>
   <div class='ocr_carea' id='block_1_17' title="bbox 227 4181 1765 4284">
    <p class='ocr_par' dir='ltr' id='par_1_19' title="bbox 227 4181 1781 4284">
     <span class='ocr_line' id='line_1_38' title="bbox 227 4181 1765 4284; baseline -0.004 -16"><span class='ocrx_word' id='word_1_352' title='bbox 227 4223 237 4234; x_wconf 62' lang='lat'><strong><em>‘</em></strong></span> <span class='ocrx_word' id='word_1_353' title='bbox 324 4201 593 4268; x_wconf 73' lang='lat' dir='ltr'>momentorum</span> <span class='ocrx_word' id='word_1_354' title='bbox 621 4181 785 4281; x_wconf 88' lang='lat' dir='ltr'>partibus</span> <span class='ocrx_word' id='word_1_355' title='bbox 810 4184 1072 4281; x_wconf 87' lang='lat' dir='ltr'>respondeant,</span> <span class='ocrx_word' id='word_1_356' title='bbox 1100 4185 1159 4260; x_wconf 85' lang='lat' dir='ltr'>vix</span> <span class='ocrx_word' id='word_1_357' title='bbox 1179 4183 1364 4272; x_wconf 88' lang='lat' dir='ltr'>invenias,</span> <span class='ocrx_word' id='word_1_358' title='bbox 1390 4185 1459 4263; x_wconf 83' lang='lat' dir='ltr'>alla</span> <span class='ocrx_word' id='word_1_359' title='bbox 1487 4207 1581 4282; x_wconf 90' lang='lat' dir='ltr'>quae</span> <span class='ocrx_word' id='word_1_360' title='bbox 1608 4185 1765 4284; x_wconf 85' lang='lat' dir='ltr'>prorsus,</span> 
     </span>
    </p>
   </div>
   <div class='ocr_carea' id='block_1_18' title="bbox 262 4277 1916 4388">
    <p class='ocr_par' dir='ltr' id='par_1_20' title="bbox 262 4277 1916 4388">
     <span class='ocr_line' id='line_1_39' title="bbox 262 4277 1916 4388; baseline 0.001 -20"><span class='ocrx_word' id='word_1_361' title='bbox 262 4343 266 4350; x_wconf 85' lang='lat'>-</span> <span class='ocrx_word' id='word_1_362' title='bbox 326 4291 557 4374; x_wconf 83' lang='lat' dir='ltr'>utvidetur‚</span> <span class='ocrx_word' id='word_1_363' title='bbox 583 4297 823 4364; x_wconf 88' lang='lat' dir='ltr'>evanuerunt.</span> <span class='ocrx_word' id='word_1_364' title='bbox 873 4289 937 4362; x_wconf 84' lang='lat' dir='ltr'>Sic</span> <span class='ocrx_word' id='word_1_365' title='bbox 960 4281 1042 4364; x_wconf 73' lang='lat' dir='ltr'>e.&#39;c.</span> <span class='ocrx_word' id='word_1_366' title='bbox 1069 4285 1235 4364; x_wconf 88' lang='lat' dir='ltr'>Schirlna</span> <span class='ocrx_word' id='word_1_367' title='bbox 1261 4277 1346 4362; x_wconf 78' lang='lat' dir='ltr'>curn</span> <span class='ocrx_word' id='word_1_368' title='bbox 1369 4286 1517 4365; x_wconf 84' lang='lat' dir='ltr'>famulis</span> <span class='ocrx_word' id='word_1_369' title='bbox 1545 4285 1632 4376; x_wconf 88' lang='lat' dir='ltr'>suis,</span> <span class='ocrx_word' id='word_1_370' title='bbox 1655 4285 1765 4388; x_wconf 82' lang='lat' dir='ltr'>super</span> <span class='ocrx_word' id='word_1_371' title='bbox 1912 4333 1916 4338; x_wconf 22' lang='grc' dir='ltr'><strong><em>Δ</em></strong></span> 
     </span>
    </p>
   </div>
   <div class='ocr_carea' id='block_1_19' title="bbox 331 4386 1765 4500">
    <p class='ocr_par' dir='ltr' id='par_1_21' title="bbox 331 4386 1765 4500">
     <span class='ocr_line' id='line_1_40' title="bbox 331 4386 1765 4500; baseline -0.004 -24"><span class='ocrx_word' id='word_1_372' title='bbox 331 4395 466 4500; x_wconf 83' lang='lat' dir='ltr'>quihus</span> <span class='ocrx_word' id='word_1_373' title='bbox 487 4388 641 4493; x_wconf 80' lang='lat' dir='ltr'>spectari</span> <span class='ocrx_word' id='word_1_374' title='bbox 661 4386 752 4464; x_wconf 85' lang='lat' dir='ltr'>dicit</span> <span class='ocrx_word' id='word_1_375' title='bbox 775 4387 976 4468; x_wconf 85' lang='lat' dir='ltr'>multorum</span> <span class='ocrx_word' id='word_1_376' title='bbox 1000 4387 1159 4468; x_wconf 89' lang='lat' dir='ltr'>virorum</span> <span class='ocrx_word' id='word_1_377' title='bbox 1182 4403 1221 4464; x_wconf 92' lang='lat' dir='ltr'>et</span> <span class='ocrx_word' id='word_1_378' title='bbox 1242 4389 1461 4471; x_wconf 85' lang='lat' dir='ltr'>seminarum</span> <span class='ocrx_word' id='word_1_379' title='bbox 1484 4387 1645 4488; x_wconf 74' lang='lat' dir='ltr'>effigies,</span> <span class='ocrx_word' id='word_1_380' title='bbox 1668 4415 1765 4488; x_wconf 84' lang='lat' dir='ltr'>qnae</span> 
     </span>
    </p>
   </div>
   <div class='ocr_carea' id='block_1_20' title="bbox 1035 4493 1909 4607">
    <p class='ocr_par' dir='ltr' id='par_1_22' title="bbox 1035 4493 1909 4607">
     <span class='ocr_line' id='line_1_41' title="bbox 1035 4493 1909 4607; baseline -0.001 -36"><span class='ocrx_word' id='word_1_381' title='bbox 1035 4537 1049 4607; x_wconf 73' lang='lat'>¹.</span> <span class='ocrx_word' id='word_1_382' title='bbox 1156 4493 1242 4577; x_wconf 78' lang='lat'>02</span> <span class='ocrx_word' id='word_1_383' title='bbox 1460 4517 1463 4528; x_wconf 71' lang='grc'><em>’</em></span> <span class='ocrx_word' id='word_1_384' title='bbox 1629 4513 1763 4573; x_wconf 83' lang='lat' dir='ltr'>manus</span> <span class='ocrx_word' id='word_1_385' title='bbox 1885 4515 1909 4580; x_wconf 78' lang='lat'>‘.</span> 
     </span>
    </p>
   </div>
   <div class='ocr_carea' id='block_1_21' title="bbox 0 0 2222 5388">
    <p class='ocr_par' dir='ltr' id='par_1_23' title="bbox 0 0 2222 5388">
     <span class='ocr_line' id='line_1_42' title="bbox 0 0 2222 5388; baseline 0 16"><span class='ocrx_word' id='word_1_386' title='bbox 0 0 2222 5388; x_wconf 95' lang='lat' dir='ltr'> </span> 
     </span>
    </p>
   </div>
  </div>
 </body>
</html>
