4458 5384
528 389 620 463 cnr.
645 349 705 462 111'.
754 381 1018 462 Mouurrsrrrrr
1047 401 1095 456 ru
1122 383 1572 470 benedictinensium·
1660 415 1765 492 437

261 651 265 660 ,
325 659 330 666 ‚
393 639 396 646 .
468 659 472 666 ,
534 587 567 654 6.
593 585 654 652 De
679 550 767 648 nrtir
791 583 907 662 bornat
926 517 1203 648 monumentorum
1230 582 1341 677 indole
1365 597 1398 650 er
1418 599 1553 654 natura.

429 694 579 786 Persae,
603 716 716 794 quum
730 704 923 770 mammea
941 689 1086 786 regulas
1108 715 1233 790 parurn
1253 706 1441 784 eumreut,
1467 697 1568 774 nullo
1591 707 1764 799 ternpore

327 793 367 870 iu
386 793 570 897 sculpendi
592 813 672 872 arte
695 796 938 873 eminuerunt.
990 793 1114 869 Nihilo
1136 793 1253 878 scema
1277 809 1402 874 temen
1423 799 1533 878 testes
1556 800 1637 880 suut
1659 827 1759 901 pere·

327 897 551 993 grinatores‚
587 899 786 996 figurarum
817 898 878 976 bic
907 893 1257 992 repraesentaturum
1293 900 1431 978 multas
1472 915 1573 990 tanta
1605 903 1758 1002 ungula.

326 1009 596 1101 rumpentium
626 1007 873 1092 concinnitate
909 995 1112 1096 exsculptus
1142 999 1317 1104 inveniri,
1352 1015 1394 1077 ut
1418 1025 1467 1079 ne
1497 1007 1656 1101 optimos
1682 1009 1758 1105 qui·

327 1101 412 1178 dem
440 1107 664 1183 Graecorum
681 1103 991 1208 'Romanorumn
1017 1099 1177 1198 artifices
1193 1103 1435 1182 ¹dedecerent.
1486 1107 1593 1192 Quod
1618 1109 1756 1204 praedi·

327 1215 415 1285 cant
446 1209 754 1305 peregrinaturos,
791 1225 875 1282 cum
905 1209 943 1281 iu
966 1199 1052 1278 *aliis
1076 1203 1207 1282 borum
1230 1217 1568 1284 monumentorum·
1585 1212 1757 1306 partibus,

326 1319 407 1382 tum
427 1309 464 1385 in
488 1308 613 1406 figuris
639 1309 707 1386 iliis
729 1305 881 1384 minoris
904 1301 1065 1388 formae.
1097 1329 1194 1406 qnae
1217 1307 1313 1386 antri
1339 1308 1491 1384 maioris
1512 1311 1708 1407 parietibus
1732 1336 1757 1391 a

226 1441 228 1444 ·
324 1407 440 1485 latere
462 1411 615 1486 obiectis
635 1409 767 1488 incisae
786 1409 886 1498 sunt,
906 1407 1094 1484 neminem
1116 1409 1221 1508 sugit.
1273 1409 1638 1510 Praecipuequoque
1664 1415 1757 1492 brec
1884 1487 1897 1505 ,

207 1565 211 1570 -
325 1513 613 1610 artispersectio
640 1513 678 1589 iu
710 1511 783 1588 iilis
810 1511 937 1608 figuris
969 1533 1016 1588 ex
1040 1509 1144 1594 'notri
1168 1508 1315 1589 maioris
1347 1509 1518 1610 superiori
1542 1515 1665 1591 fronte
1694 1541 1757 1592 ex·

326 1609 424 1699 uisis,
463 1615 630 1710 inprimis
660 1615 858 1691 secundum
879 1613 1042 1703 tabuiam
1069 1612 1239 1704 Oiivieri‚
1272 1612 1378 1690 obvia
1407 1611 1497 1692 estc·
1520 1615 1667 1695 Numen
1697 1618 1767 1694 bis,

325 1711 453 1808 figuris
475 1714 609 1794 subesse
630 1713 831 1805 Persicum,
859 1716 898 1791 in
919 1711 1223 1792 antecedentibus
1243 1713 1499 1802 demonstrasse
1523 1719 1672 1818 opinorr
1699 1742 1755 1798 ra·

190 1854 197 1869 ·
325 1816 466 1892 tionem
494 1839 601 1904 uero,
635 1839 706 1916 qua
739 1817 827 1893 iliud
863 1814 905 1890 fit
939 1805 1139 1910 prolatum,
1175 1818 1400 1894 Graecorum
1432 1829 1550 1894 artem
1583 1820 1756 1914 innuere,

326 1918 444 2014 primo
470 1917 673 1996 tabularum
706 1939 903 1994 aeneorum
931 1929 1085 2012 aspectu
1110 1915 1217 1993 saciie
1240 1917 1304 1992 tibi
1331 1917 1571 2016 persuadebis.
1613 1921 1756 2000 ¹Graci-
1908 1993 1915 2007 ,

325 2021 371 2097 lis
393 2020 591 2116 figurarum
616 2019 785 2108 habitus,
822 2017 1010 2092 fluitantes
1033 2013 1171 2105 vestes,
1204 2039 1449 2096 mammarum
1471 2014 1755 2118 protuberantia,

326 2121 545 2218 singularum
569 2122 683 2202 totius
701 2121 861 2218 corporis
881 2119 1037 2218 partium
1063 2119 1290 2214 concinnitas
1309 2143 1331 2195 a
1353 2121 1540 2200 Persarum
1558 2135 1636 2202 arte
1656 2149 1757 2225 pror·

325 2223 386 2307 sua
411 2223 546 2314 aliena,
583 2246 656 2302 unu
682 2221 813 2312 verbo,
852 2233 929 2296 tnta
960 2241 1021 2295 ars
1044 2220 1091 2294 'iu
1121 2221 1165 2297 iis
1193 2219 1387 2319 conspicua
1414 2221 1617 2302 sententiae
1649 2251 1757 2308 meae
1824 2251 1829 2258 ·
1873 2255 1875 2260 ⁴

327 2326 441 2405 fidem
467 2328 565 2404 facit.
618 2324 739 2414 Quum
771 2335 959 2421 praeterea
991 2317 1170 2415 inignem
1198 2321 1368 2400 observes
1394 2322 1525 2422 barum
1555 2325 1755 2421 figurarum

318 2452 412 2520 ,curu
443 2427 668 2508 Graecorum
692 2425 820 2504 Geniis
838 2422 1144 2511 smilitudinem,
1178 2423 1473 2522 periurissimum
1502 2425 1592 2504 mihi
1624 2429 1755 2524 babeo,

315 2531 475 2622 Persas,
512 2545 554 2606 ut
580 2529 617 2604 in
645 2527 772 2628 mustis
803 2523 883 2600 aliis
915 2525 1189 2610 monumentis,
1226 2529 1277 2604 ita
1310 2537 1349 2602 et
1378 2529 1414 2604 in
1447 2529 1506 2605 his
1538 2528 1756 2636 potiffimum

315 2631 572 2732 perficiendis,
597 2621 748 2706 Graecis
772 2624 854 2704 usos
872 2625 975 2704 suisse
999 2623 1209 2702 artificibus.
1259 2632 1337 2709 iarn
1354 2627 1531 2720 ,saciliime
1556 2635 1757 2732 explicatur

316 2735 389 2810 'ille
413 2733 542 2812 Persici
566 2729 727 2808 numinis
751 2751 835 2805 curu
853 2731 996 2806 Graeco
1019 2723 1222 2806 consensus.
1269 2729 1444 2808 Artifices
1463 2735 1594 2811 Graeci
1624 2731 1758 2816 scilicet

328 2837 424 2924 bene
450 2835 627 2924 tenebant
657 2829 858 2910 Geniorum
894 2829 1127 2906 srsteudbrnm
1159 2832 1359 2914 rationemr
1399 2835 1470 2910 iam
1499 2859 1584 2911 vero
1613 2835 1660 2913 iis
1693 2841 1757 2917 de·

328 2939 569 3016 mandabatur
587 2935 748 3011 numinis
772 2929 924 3010 alicuius
946 2931 1248 3029 repraesentatio,
1278 2937 1382 3010 cuius
1405 2951 1574 3015 naturam
1596 2951 1634 3016 et
1654 2941 1756 3018 indo.

326 3039 400 3118 iern
427 3061 540 3138 quum
567 3035 665 3133 hund
690 3035 913 3130 perspectam
943 3034 1143 3118 haberent,
1171 3029 1325 3110 similem
1352 3057 1545 3114 ueroeam
1570 3041 1693 3118 mustis
1719 3047 1759 3121 in
1883 3127 1886 3136 Δ

234 3193 239 3200 -
327 3143 448 3218 rebus,
467 3139 792 3236 deprehenderent
815 3137 1040 3208 Graecorum
1063 3133 1222 3220 ¹Geniis,
1249 3137 1296 3228 ad
1323 3133 1454 3212 horum
1485 3137 1756 3224 fimitirudinem

310 3245 443 3320 muita
473 3238 631 3318 exsecuti
663 3235 763 3322 suut,
799 3233 887 3308 dum
917 3233 1014 3308 aliud
1050 3233 1318 3328 pianenumen
1343 3260 1389 3312 ex
1412 3239 1598 3318 Persarum
1623 3243 1767 3322 insistu-¹

329 3350 433 3440 tione
453 3339 686 3440 effingebant.
740 3337 862 3424 Quum
876 3355 963 3409 vero
983 3333 1096 3409 multa
1116 3351 1320 3422 occurrant,
1342 3343 1473 3418 tamin
1493 3343 1550 3418 his
1565 3343 1646 3442 ipsis
1666 3345 1756 3444 sign.

331 3437 759 3544 frequentaturque
788 3450 1111 3513 monumentorum
1138 3438 1310 3536 partibus,
1343 3463 1437 3536 quae
1461 3467 1578 3543 aeque
1606 3447 1651 3528 ab
1676 3465 1760 3529 aste
1875 3455 1885 3466 ,

332 3567 443 3648 atque
460 3572 487 3624 a
517 3541 743 3640 mythologie
768 3537 993 3616 Graecorum
1018 3537 1165 3634 prorsus
1194 3539 1406 3628 abhorrent,
1436 3567 1604 3648 quaeque
1628 3567 1755 3646 aperte

194 3677 204 3686 .
330 3651 458 3734 Persas
488 3649 664 3748 produnt,
694 3657 736 3718 ut
760 3665 792 3716 e.
816 3666 847 3716 c.
870 3638 1042 3716 attributa
1070 3633 1287 3741 figurarum,
1319 3644 1495 3736 annulus,
1531 3649 1640 3725 lunae
1669 3651 1755 3746 sair,
1859 3665 1863 3676 '

176 3767 186 3786 ·
310 3755 492 3852 „3152un
518 3769 704 3850 quumque
731 3735 942 3843 parimodo
966 3767 1161 3856 permagna
1184 3743 1242 3821 iiie
1268 3742 1445 3830 serarum.
1462 3749 1668 3846 ‘parietibus
1690 3779 1756 3834 an·

332 3865 379 3937 tri
406 3855 552 3934 maioris
582 3853 768 3926 incisarum
799 3849 901 3946 copia
924 3846 1128 3924 Orientaies
1150 3847 1297 3938 innuat,
1324 3864 1491 3928 naturam
1512 3870 1555 3932 et
1580 3855 1758 3936 verofirni·
1826 3847 1829 3856 ¹

332 3961 473 4038 litatem
497 3957 533 4032 in
558 3957 645 4032 artis
664 3947 834 4048 operibns
858 3949 981 4044 procui
1005 3949 1202 4026 habentes:
1230 3952 1519 4031 commistionem
1547 3981 1617 4052 ego
1640 3961 1675 4034 in
1700 3961 1758 4038 bis

331 4062 415 4162 ipsis
445 4057 694 4136 monumentis
723 4053 831 4127 uideo
859 4053 1081 4128 Graecorum
1108 4053 1196 4128 artis
1227 4063 1265 4130 et
1294 4053 1431 4154 ingenii
1460 4079 1542 4135 cum
1570 4061 1761 4144 Persarum

333 4165 465 4247 indole.
503 4157 648 4237 ‘Graeci
674 4153 808 4230 scilicet
830 4153 1008 4241 artifices,
1036 4167 1207 4247 utputo,
1233 4157 1279 4231 ad
1298 4155 1482 4236 Persarum
1506 4179 1706 4259 praecepta
1722 4180 1762 4246 et

332 4265 509 4350 sormuiss
543 4263 634 4350 haec
663 4269 902 4334 monumenta
926 4253 1086 4332 exsecuti
1109 4257 1208 4338 strutr
1243 4281 1358 4354 quare
1381 4262 1424 4338 fit
1447 4275 1508 4350 ut,
1533 4259 1762 4355 significatio.
1902 4321 1907 4332 .

313 4397 420 4453 ,nem
456 4365 482 4444 sr
522 4362 665 4465 spectes
699 4357 900 4468 effigierum
935 4357 1077 4436 illarum
1111 4358 1376 4542 semisnearum
1421 4355 1626 4490 orientales
1661 4369 1762 4450 baud

1317 4531 1323 4554 r
1359 4517 1374 4549 r
1428 4507 1450 4558 .;
1605 4493 1766 4571 maures,
