4364 5394
482 453 531 512 ιο
580 432 1112 513 tarentasiensem
1141 439 1442 568 occrncncurr'ro.
1475 435 1670 528 Secrroi.
1698 438 1839 513 Pensm.

414 657 422 666 ·
484 581 627 730 depicta
658 629 737 708 est.
778 629 1034 740 inscriptiones
1063 589 1172 732 quarn
1207 631 1385 730 plurimae
1417 633 1684 731 depingendae
1702 597 1836 710 reiiant
1861 573 1936 727 rit,

483 759 530 813 ex
554 735 700 852 quibus,
724 747 893 812 accurate
909 735 1091 834 depictis
1099 749 1138 811 et
1164 737 1258 811 inter
1285 735 1320 810 se
1337 735 1498 838 collatis,
1535 758 1648 832 quum
1676 740 1790 816 muita
1818 735 1918 810 haud

484 837 597 915 dubie
617 838 693 932 peti
724 833 869 930 poffint,
898 839 1046 932 digna
1037 837 1202 934 reprimis
1230 833 1285 920 est
1318 837 1410 912 haec
1440 838 1672 912 monumenti
1707 863 1788 937 pars
1818 849 1919 954 pere

436 987 445 1020 ‚¹
484 941 672 1036 grinantis
688 937 804 1025 futuri
828 938 1029 1040 diijgeotia.
1080 939 1268 1016 Certiorec
1293 939 1348 1014 sac
1353 942 1379 1014 ti
1406 937 1529 1014 sumus
1553 936 1779 1018 solummodo
1802 940 1849 1013 de
1874 937 1920 1012 ιιι
2003 1027 2007 1032 ,

489 1029 754 1117 architecturae
777 1042 966 1136 operibus,
992 1062 1086 1138 quae
1101 1041 1245 1142 soprot
1246 1066 1322 1116 rro
1342 1045 1597 1116 inveniuntur
1624 1063 1735 1116 uerno
1758 1059 1920 1138 unquam

489 1142 528 1218 in
553 1141 672 1231 lucern
698 1141 893 1238 protraxit,
927 1166 1022 1261 quoe
1051 1143 1109 1218 rel
1132 1157 1229 1218 terre
1262 1142 1410 1227 obrute,
1444 1141 1503 1218 vel
1530 1137 1602 1236 ipse
1631 1159 1710 1218 arte
1733 1141 1818 1244 sub
1826 1154 1946 1229 terro⁴

486 1244 633 1322 condita
659 1242 749 1320 sont.
805 1241 976 1320 Multa
943 1267 1023 1324 erus
1037 1266 1186 1339 genens
1207 1243 1349 1334 restare,
1374 1257 1413 1319 et
1432 1242 1524 1320 retro
1551 1241 1662 1320 fidern
1687 1245 1793 1330 facit,
1808 1243 1920 1340 quod
2002 1325 2005 1330 ¹

477 1343 629 1463 -semper
654 1345 732 1420 fere
758 1344 843 1438 ιιιιιι
870 1345 1037 1422 aedificia
1060 1345 1120 1422 sua
1144 1358 1289 1444 quoque
1311 1343 1501 1424 hebebant
1524 1344 1772 1431 subterranea,
1799 1358 1838 1420 et
1860 1367 1920 1440 pe

487 1449 732 1547 regrinutores
755 1452 823 1520 nos
847 1449 1003 1524 edocent
1025 1451 1072 1536 ι).
1131 1449 1238 1532 Moiti
1270 1446 1404 1524 restant
1430 1448 1606 1536 cuniculi,
1650 1453 1729 1556 qui,
1757 1461 1798 1522 ut
1823 1445 1921 1523 vide·

486 1564 565 1640 tur,
602 1549 800 1625 cohaerent
823 1572 905 1624 curn
931 1551 1001 1627 iliis
1028 1549 1197 1645 sepulcris
1218 1551 1334 1626 monti
1356 1548 1498 1636 incide·
1526 1572 1636 1624 nemo
1666 1551 1825 1646 penitius
1854 1569 1920 1622 eos

486 1649 725 1744 investigarit.
778 1653 831 1728 Ito
859 1673 928 1724 nec
951 1653 1184 1725 cohaerentia
1214 1649 1433 1753 singularum
1462 1651 1618 1726 eedihcii
1641 1659 1801 1748 partium
1823 1650 1922 1726 inda

485 1763 570 1845 gata
595 1751 664 1837 eii,
701 1771 795 1846 quae
820 1747 845 1822 st
873 1751 1117 1836 inveniretur,
1145 1752 1304 1828 muitum
1330 1733 1471 1828 faceret
1494 1753 1541 1826 ad
1570 1751 1755 1828 confilium
1785 1752 1924 1828 certiue
1953 1809 1956 1818 .

487 1805 766 1940 definiendum,
802 1851 848 1924 ad
887 1855 985 1948 quod
1021 1851 1183 1928 inmensa
1201 1853 1303 1932 haec
1325 1865 1566 1930 monumenta
1595 1855 1796 1931 constructa
1827 1853 1920 1931 sunt

459 2046 464 2055 ι
489 1953 713 2050 Optandurn
725 1950 837 2046 igitur
868 1954 938 2043 est,
973 1967 1015 2030 ut
1037 1955 1335 2052 peregrinatone
1351 1953 1465 2034 futuri
1494 1954 1540 2029 ad
1567 1979 1608 2030 ea
1632 1957 1802 2052 inprimis
1821 1977 1923 2030 men·

490 2065 567 2130 tenr
595 2056 810 2140 advertant,
836 2076 931 2150 quae
960 2060 1033 2132 iem
1058 2055 1182 2146 minus
1206 2063 1352 2150 cognita
1383 2057 1455 2131 iilic
1482 2055 1590 2130 nobis
1610 2057 1761 2134 restant.
1814 2059 1924 2134 Tern-

488 2157 602 2254 pons
617 2153 791 2272 augustiis
823 2153 1002 2246 soiuurrno
1028 2183 1051 2231 o
1078 2157 1305 2234 execrandus
1329 2157 1379 2233 est
1400 2157 1607 2247 Kinneirus,
1631 2163 1729 2256 quod
1751 2183 1821 2235 una
1847 2171 1924 2236 ton·
1951 2183 1958 2197 ¹

464 2272 570 2360 *turn
603 2244 737 2354 pagine
769 2159 1165 2456 PersepoiinQoIrit
1185 2265 1232 2352 t).
1294 2263 1412 2346 Quam
1446 2265 1607 2334 maxime
1634 2263 1831 2336 dolendum
1859 2257 1923 2344 est,
1975 2267 1983 2286 ·

489 2358 691 2438 Morierum
720 2361 759 2450 n)
789 2383 862 2436 nou
897 2368 1015 2458 primo
1072 2361 1226 2454 roposrto
1259 2361 1407 2445 stetisse,
1446 2359 1669 2436 describendi
1704 2359 1837 2437 scilicet
1866 2383 1923 2444 ee,

490 2483 598 2558 quoe
623 2486 644 2538 a
675 2461 1006 2559 peregrinatoribus
1038 2464 1228 2560 hocusque
1257 2461 1375 2538 essent
1403 2459 1548 2547 omissa,
1585 2473 1625 2534 et
1651 2461 1852 2547 indicandi,
1884 2465 1924 2534 in

453 2611 456 2620 ·
490 2563 623 2658 quibus
649 2563 935 2680 discrepantium
967 2565 1179 2662 scriptorum
1217 2563 1377 2660 portibus
1401 2563 1565 2638 handum
1591 2560 1688 2644 esset
1748 2557 1923 2642 Generair

417 2741 426 2754 ,
490 2664 590 2841 ιιιιΐιιιι
631 2663 711 2738 eius
752 2664 993 2767 descriptione
1038 2667 1128 2742 nihii
1175 2666 1379 2762 lucremur3
1424 2661 1601 2742 notitinne
1640 2669 1775 2776 iterum
1816 2663 1923 2742 uobis

411 2825 415 2836 .
494 2778 711 2844 ueruntur.

874 2954 881 2961 ²
1010 2970 1086 3044 IV.
1139 2896 1406 3068 Descriptio.

593 3051 813 3174 dediticium
842 3115 890 3168 ex
924 3093 1032 3185 nigro
1058 3115 1259 3178 marmore,
1293 3095 1390 3190 quod
1421 3091 1564 3170 vicinus
1587 3114 1696 3170 mone
1724 3041 1923 3191 suppedito·

424 3281 426 3294 .
482 3197 571 3296 hat,
605 3221 647 3273 ea
681 3213 760 3274 arte
793 3195 1037 3271 constructum
1067 3194 1138 3280 est,
1174 3209 1217 3270 nt
1241 3196 1367 3271 multis
1395 3198 1555 3294 pertibus
1582 3198 1644 3272 vix
1674 3197 1803 3273 rimam
1838 3218 1922 3290 cog.-

429 3346 436 3358 κ
491 3321 625 3374 noscas
652 3299 748 3376 inter
779 3301 951 3394 ingentes
979 3287 1060 3371 iiias
1089 3295 1209 3374 moles
1243 3297 1489 3381 marmoreas,
1522 3297 1595 3388 stne
1628 3299 1701 3374 ullo
1728 3303 1922 3376 coemento

494 3400 649 3477 iunctas
701 3403 834 3479 Totum
860 3421 969 3494 opus,
1005 3399 1108 3476 cuius
1134 3401 1310 3496 quadrata
1341 3399 1419 3476 ser'e
1446 3399 1497 3502 est
1523 3396 1660 3490 forma,
1695 3399 1840 3477 anoth·
1827 3399 1923 3497 ·qui·

396 3495 403 3530 ·'
494 3502 602 3576 dem
607 3527 681 3578 non
714 3502 855 3598 semper
879 3501 1036 3588 serrata,
1070 3523 1210 3576 muros
1229 3525 1275 3576 ex
1302 3504 1403 3588 omni
1426 3497 1597 3598 regione,
1630 3518 1784 3600 excepto
1808 3503 1980 3587 laetere·¹

365 3663 382 3678 ..
493 3592 678 3692 orientali,
706 3603 926 3688 circumdat,
953 3601 1015 3700 qui
1041 3625 1060 3676 a
1086 3602 1329 3702 septentrione
1353 3605 1399 3680 ed
1423 3605 1613 3682 meridiem
1639 3606 1847 3690 sexcentos,
1874 3601 1922 3674 ab

412 3751 417 3758 ·
492 3705 686 3782 occidente
715 3731 801 3782 vero
834 3709 880 3780 ed
908 3706 1108 3790 orientem,
1141 3728 1211 3802 qua
1247 3725 1360 3780 mons
1385 3727 1490 3782 muro
1513 3703 1655 3780 tinem
1646 3705 1805 3800 rnponrt
1837 3725 1927 3800 quaa

491 3806 706 3926 dringentos
734 3807 888 3888 circiter
903 3805 1021 3899 p‘aisos
1044 3820 1191 3906 aequat.
1245 3805 1375 3881 Totius
1403 3815 1523 3903 operio
1547 3809 1583 3882 in
1608 3808 1761 3882 forrnarn
1787 3805 1930 3880 theatri

326 3918 361 3973 ’.
490 3907 614 3984 ιιιιιιιι
636 3923 710 3983 tres
737 3931 888 3984 omnino
911 3905 992 3980 sunt
1013 3921 1155 4001 portes
1183 3929 1335 4002 querum
1358 3909 1470 3984 altere
1488 3911 1600 3986 altera
1621 3931 1842 3983 eminentior
1859 3907 1920 3987 est
2013 3925 2023 3932 ·

411 4054 414 4058 ·
490 4009 636 4106 Duplex
661 4008 751 4085 scala
780 4009 829 4084 ιιι
854 4024 1084 4106 comparato
1119 4015 1161 4086 ut
1190 4009 1320 4086 decern
1353 4017 1515 4107 equites,
1541 4035 1615 4086 uno
1641 4011 1961 4094 inxtaoitornro,

489 4111 629 4200 locato,
655 4111 729 4190 dne
757 4109 919 4256 molestia
951 4109 1147 4188 ascendere
1178 4133 1260 4188 earn
1293 4111 1439 4212 pohint,
1468 4113 1614 4190 aditum
1640 4111 1686 4191 ad
1712 4113 1920 4190 inferiorem

972 4257 977 4268 »
1431 4249 1435 4254 ·
1701 4225 1921 4316 partem

529 4409 565 4488 r)
587 4393 751 4475 ’Νιιειιιιιι
774 4413 811 4479 rt:
835 4433 864 4496 p.
885 4420 953 4489 rso.
1235 4413 1266 4488 s)
1290 4415 1459 4475 ιιιιιιιιιιι
1481 4411 1561 4498 γιιι,
1583 4435 1610 4499 p.
1629 4429 1701 4494 sao.

531 4517 561 4639 'i
580 4536 611 4599 a·
635 4533 685 4596 rr·
1112 4535 1136 4630 ⁸·
1202 4515 1320 4636 'atu
1356 4533 1424 4596 uo·
