4458 5384
326 493 335 504 .
482 379 558 510 ¹34
608 379 1106 486 taurominitanum
1125 351 1329 478 unornane.
1357 400 1496 474 Sacc-to
1511 399 1568 478 lll.
1586 400 1727 499 'Maura
1744 405 1904 490 Mnoua,

481 627 581 700 trus,
606 624 649 688 ut
670 609 828 685 calcaret
846 603 969 704 polum
994 601 1033 680 et
1049 603 1091 679 -in
1107 603 1208 682 Solis
1227 604 1342 701 ligura
1364 601 1547 688 refideret,
1572 601 1695 681 secl'ut
1717 605 1907 686 universae

480 713 839 796 terraesdominum,
864 707 953 782 -solls
986 707 1133 783 fratrem
1168 707 1202 782 se
1226 709 1443 810 indicaretl
1482 703 1668 792 Luhenter
1699 708 1748 786 ita
1778 709 1908 787 llatue·

478 843 582 908 rem,
614 815 778 911 inprimis
806 833 919 910 quum
955 810 1050 884 tituli
1084 808 1312 904 superbissimi
1351 803 1454 884 hisce
1484 809 1695 886 nominibus
1723 812 1908 912 appellent

479 919 686 1008 Sallenidas
710 937 818 1010 reges
838 914 901 1004 a),
931 909 955 986 st
980 913 1091 986 modo
1116 911 1252 1006 ligura,
1279 935 1373 1009 quae
1400 913 1448 987 ita
1475 925 1603 988 ornata
1628 911 1845 1013 conspicitur
1869 915 1909 992 in
1992 999 1999 1008 ,

481 1023 603 1102 tabula
629 1015 846 1098 llllalcolmii,
870 1017 988 1090 totius
1010 1015 1206 1112 anaglyphi
1229 1020 1396 1112 princeps
1417 1014 1515 1089 esset.
1567 1015 1643 1092 Sed
1664 1015 1703 1091 ni
1728 1015 1833 1092 fallor
1857 1015 1908 1092 in·

481 1125 655 1220 signiter,
678 1117 926 1219 pedissequum
956 1116 1088 1198 referte
1131 1119 1208 1192 hoc'
1234 1117 1332 1194 enirn
1366 1115 1456 1192 mihi
1483 1113 1655 1213 persuasit
1683 1141 1767 1194 cum
1798 1119 1918 1198 huiua

482 1223 614 1322 effigiei
633 1246 717 1300 cum
743 1221 824 1298 aliis
846 1219 1081 1316 comparatio,
1106 1231 1185 1295 tum
1208 1219 1445 1306 muscarium,
1468 1217 1738 1314 quodquidam
1761 1223 1848 1300 licet
1864 1241 1911 1296 ex
1981 1233 1984 1238 ’

480 1325 652 1432 superiori
674 1339 778 1426 parte
801 1320 955 1398 excierit
969 1318 1176 1417 tempestas,
1198 1321 1245 1397 ab
1262 1320 1420 1400 inseriori
1438 1334 1564 1422 tamen
1582 1321 1765 1416 agnoscis,
1788 1347 1912 1423 qnam·
1958 1351 1960 1356 ·

477 1453 588 1533 qnam
625 1427 663 1504 in
704 1419 815 1528 gladii
850 1421 1010 1500 sormam
1048 1424 1217 1520 imperite
1256 1423 1343 1500 illud
1378 1419 1522 1502 effinxit
1554 1421 1738 1522 pingentis
1764 1449 1911 1504 manue.

478 1533 576 1625 Quid
600 1527 744 1620 multa?
769 1537 835 1605 a‘ut
860 1525 997 1606 erravit
1018 1525 1153 1628 pictor,
1177 1539 1243 1606 aut
1268 1527 1390 1616 seriori
1415 1539 1584 1626 tempore
1602 1523 1828 1638 aceelierunt
1849 1529 1911 1606 illa

479 1644 709 1734 ornamenta.

558 1837 643 1914 sDe
673 1825 779 1912 antro
809 1823 966 1903 secundo
995 1823 1066 1900 uita
1094 1791 1168 1902 res·
1170 1829 1416 1926 'memoranda
1441 1831 1560 1910 restat.
1613 1831 1730 1910 Rudis
1753 1831 1912 1908 Bembo·

406 1955 414 1964 ‘
449 1934 539 2023 tuis
564 1937 704 2033 effigies
735 1933 822 2010 licet
849 1929 962 2004 multa
988 1927 1122 2004 haheat
1146 1929 1251 2020 falsa,
1285 1933 1354 2008 alia
1384 1946 1514 2014 tamen,
1537 1933 1707 2022 exhibet.
1733 1955 1828 2032 quae
1853 1934 1913 2012 ali·

452 2045 454 2048 ’
481 2048 581 2136 ande
600 2042 713 2116 fidem
738 2031 932 2129 accipiunt.
992 2031 1147 2126 Figurae
1171 2032 1310 2111 scilicet
1333 2048 1485 2114 ornatae
1509 2035 1779 2138 conspiciuntur
1798 2035 1914 2117 Salsa.

369 2235 373 2242 ,
480 2151 648 2227 nidarum
675 2139 784 2226 tiara,
823 2155 907 2208 curn
944 2133 1150 2210 inminente
1187 2135 1314 2230 globo,
1355 2139 1491 2214 additis
1517 2140 1606 2228 alls;
1645 2141 1795 2218 alterius
1825 2161 1913 2232 vero

370 2275 376 2284 ·
481 2252 623 2348 figurae
647 2242 737 2320 tiara
758 2235 962 2338 praelixam
997 2235 1110 2311 habet
1146 2237 1255 2313 lunae
1287 2238 1390 2315 sal'cis
1418 2239 1642 2338 symbolum,
1675 2243 1772 2340 quod
1805 2241 1913 2317 facile

481 2352 683 2449 explicatur
710 2365 774 2442 per
809 2340 997 2418 Ammiani
1031 2339 1233 2416 Marcellini
1274 2339 1395 2418 locum
1433 2341 1534 2439 supra
1567 2343 1739 2432 allamm‚
1771 2343 1807 2418 io
1839 2361 1913 2441 quo

480 2457 555 2556 ipse
578 2451 640 2528 ille
663 2447 779 2544 Sapor
809 2441 955 2518 titulum
985 2439 1098 2517 habet
1124 2441 1222 2518 lunae
1233 2442 1373 2544 fratris.
1425 2445 1521 2524 Alae
1544 2448 1658 2523 tiarae
1680 2445 1827 2522 additae
1853 2467 1913 2520 oc·

479 2569 630 2644 currunt
652 2569 799 2651 quoque
821 2545 858 2620 io
877 2541 999 2619 numia
1016 2547 1073 2650 y).

582 2753 691 2848 Quod
717 2753 850 2828 attinet
876 2743 936 2866 ad·
955 2741 1143 2820 seminam
1164 2743 1262 2824 illam
1294 2703 1452 2833 nudam,
1482 2745 1690 2837 lavantem,
1730 2745 1768 2825 io
1802 2767 1913 2858 qnam

338 2859 349 2866 ⁴
481 2862 607 2941 oculos
634 2855 716 2959 figit
736 2864 868 2948 caput,
899 2851 935 2923 io
969 2847 1140 2946 superiori
1163 2864 1267 2946 parte
1292 2851 1390 2924 tertii
1424 2849 1520 2928 antri
1549 2849 1716 2938 obvium,
1740 2871 1813 2947 qun
1838 2849 1915 2948 qni.

480 2968 567 3044 dem
598 2959 804 3058 anaglypho
833 2941 945 3028 alludi
978 2963 1083 3048 putat
1113 2949 1247 3026 lvesrus
1277 2954 1324 3027 ad
1357 2951 1539 3030 historiam
1563 2951 1716 3028 Davidis
1742 2968 1782 3028 et
1803 2953 1915 3028 Bath'.

480 3067 607 3150 sebae,
640 3063 697 3138 De
725 3061 823 3148 Sacy
850 3075 936 3123 vero
969 3051 1120 3120 indicari
1154 3058 1325 3144 opinatur
1352 3075 1499 3126 amores
1529 3054 1679 3126 Cosrois
1707 3065 1748 3127 et
1778 3053 1914 3130 Schiri·

482 3191 555 3250 nae
574 3165 635 3257 ὣς
670 3165 786 3238 totam
816 3145 1061 3227 narrationem
1088 3160 1130 3224 ut
1152 3147 1477 3233 sahulam'reiicior
1511 3171 1598 3228 nam
1621 3167 1777 3245 excepto
1807 3155 1913 3230 Eme.

481 3267 611 3352 uriele,
654 3258 966 3363 peregrinatorum
998 3247 1121 3326 nullus
1160 3249 1268 3326 huius
1303 3251 1499 3350 anaglyphi
1539 3254 1767 3330 mentionem
1807 3255 1914 3342 secitr

401 3429 405 3444 .
481 3369 663 3457 Roulleau
683 3383 776 3445 vero
797 3365 836 3452 a>
858 3350 1035 3430 distinctis
1054 3349 1175 3431 verbis
1196 3353 1302 3444 dicit,
1328 3353 1456 3434 nullibi
1481 3351 1562 3433 eiua
1582 3357 1757 3434 iudicium
1781 3358 1914 3442 adesse.

1873 3572 1912 3642 6.

473 3847 478 3858 ,
523 3823 561 3905 ,)
581 3763 633 3888 ci,¹
652 3824 856 3884 amuranus
884 3811 1006 3876 Mane.
1036 3810 1129 3874 xvh.
1160 3819 1230 3890 us.
1270 3808 1331 3871 Rex
1353 3827 1454 3892 regunt
1473 3793 1581 3890 Sapor,
1610 3809 1913 3896 pnricrps‘fflim,

557 3901 659 3990 fratte
679 3900 752 3982 salit
776 3917 804 3959 rr
827 3894 919 3959 lucre.
949 3919 990 3938 -·
1032 3893 1202 3954 Stuorrtus
1228 3897 1471 3955 Arouarnnars
1495 3899 1575 3958 vill.
1596 3911 1647 3978 9.2

688 4027 778 4106 „Qui
803 4022 940 4108 (Arsacen
965 4021 1018 4108 se.)
1040 4043 1162 4104 cognata
1185 4021 1254 4088 lieet
1283 4025 1334 4088 ubi
1358 4027 1433 4090 cliro
1455 4027 1587 4106 lingent,

659 4153 662 4160 .
687 4107 850 4184 ..ennean
872 4123 983 4168 tumeat
1003 4109 1242 4190 propinquitate.

542 4190 544 4198 ’
686 4187 875 4276 ..Mortalem
896 4189 944 4250 hie
964 4199 1060 4250 tamen
1081 4187 1184 4272 implet
1208 4185 1398 4254 obsecrando.

523 4329 562 4416 y)
586 4321 637 4390 Cs.
662 4321 746 4384 numi
774 4319 896 4382 Verania
912 4322 950 4384 ΙΙ.
985 4321 1240 4386 carenacum
1267 4319 1390 4410 exhibiti
1422 4318 1645 4393 (clamem.
1663 4321 1725 4389 Sar.
1748 4280 1834 4388 Garri
1852 4343 1910 4394 rte.
2000 4349 2010 4368 ·

564 4409 686 4470 ttulit.
708 4423 738 4484 p.
759 4415 808 4468 12.
833 4401 911 4464 Tan.
926 4403 969 4481 1.)

519 4515 559 4600 ⁸)
583 4513 739 4584 Ms’lls‘m
754 4507 810 4594 [⁸¹
826 4507 887 4574 ὒν·
908 4527 939 4594 l’·
954 4521 1028 4592 240.
1309 4503 1479 4594 lisinas}
1504 4511 1679 4663 ‘’2⁹⁶¹'2T'
1696 4527 1766 4600 104.
1790 4531 1821 4602 p.
1836 4527 1909 4598 395.
2046 4551 2057 4570 c
