4458 5384
369 524 372 530 .
473 477 543 568 132
595 445 689 545 erra
711 470 747 544 ll.
766 469 925 543 erasme
944 483 1099 540 uenatu
1117 484 1322 552 occlusum
1352 455 1492 541 Securo
1509 469 1570 542 lll.
1598 467 1733 542 Meum
1750 471 1913 546 Manna.

136 749 141 764 ,
275 673 282 692 ’
375 713 380 720 -
473 683 548 760 tes,
576 670 698 768 pulcra
724 670 842 746 forma
868 665 1099 766 conspicuae,
1131 665 1298 744 llnitaute
1321 667 1419 746 veste
1442 667 1617 754 indutae,
1654 668 1839 748 exhibitae
1860 671 1926 754 in..
2049 745 2060 752 ,

468 774 681 852 veniuntur.
741 773 837 861 Quid
873 769 1133 856 verolmilios,
1172 787 1293 868 quam
1322 795 1364 847 ea
1401 769 1473 868 ipsa
1505 771 1655 848 numina
1695 771 1784 860 elle,
1818 789 1913 871 quae
2002 849 2007 856 ,

472 871 692 972 effecerunt,
718 889 761 951 ut
782 877 885 962 locus
902 869 1433 970 amoeuiiirmusomniumque
1455 875 1599 974 frugum
1625 873 1815 951 ditilfimus
1842 873 1915 948 exi·

374 1073 378 1080 ἱ
473 975 608 1054 llereti
660 979 766 1074 aqua
800 1000 913 1074 quum
935 975 1010 1051 -sola
1040 975 1118 1050 sere
1148 974 1253 1052 caula
1282 973 1387 1064 erret,
1415 989 1456 1053 ut
1487 989 1565 1053 tota
1593 977 1695 1073 regio
1720 993 1795 1055 tarn
1818 976 1938 1074 laeta,

473 1073 646 1156 ‘et'dives
678 1077 865 1164 existeret,
900 1099 1088 1177 quumque
1113 1079 1198 1154 eius‘
1219 1093 1358 1153 numen
1388 1091 1426 1153 et
1447 1079 1653 1156 venationis
1681 1079 1803 1156 fautor
1827 1079 1914 1156 ellet

415 1189 417 1196 ’
478 1183 526 1258 et'
548 1179 689 1280 praeses
717 1183 774 1273 lr),
815 1179 901 1257 laed
924 1181 1117 1358 A'dltstlri
1150 1181 1281 1265 credo,
1318 1179 1459 1277 optime
1493 1179 1579 1256 huic
1609 1183 1691 1272 lopo
1728 1181 1910 1258 contenit.

476 1284 594 1362 lllulta
616 1296 813 1370 occurrunt
836 1286 873 1358 in
898 1282 980 1358 loco
1003 1283 1063 1358 ilo
1086 1303 1133 1358 ex
1154 1280 1421 1366 zena-Areua
1445 1281 1575 1372 allato,
1608 1307 1703 1383 quae
1728 1283 1916 1380 infigniter

349 1385 353 1388 ’
460 1408 560 1462 -curn
588 1383 716 1462 uostris
741 1384 866 1480 liguris
893 1384 1096 1484 coulpirare
1121 1388 1304 1462 videntur.
1356 1385 1433 1461 Sub
1458 1387 1595 1463 femina
1626 1387 1914 1482 repraesentabo·
1980 1419 1984 1426 -

351 1507 354 1523 “
476 1500 538 1563 tur
568 1484 655 1562 illud
686 1501 804 1584 aquae
833 1509 993 1576 nurneua
1030 1487 1191 1566 feminae
1225 1485 1434 1564 et-nostrae
1471 1487 1612 1583 ligurae
1645 1487 1737 1564 sunt.
1798 1487 1937 1566 Ulnas¹

478 1591 704 1688 protendunt
727 1595 872 1687 (aeque
895 1613 939 1666 ac
966 1592 1004 1666 iu
1029 1589 1298 1670 zenallvesta
1326 1592 1451 1692 audit)
1479 1591 1571 1666 deae
1599 1589 1669 1666 hae
1702 1591 1913 1677 benevolae,

475 1705 519 1768 ut
546 1705 666 1768 tutum
698 1692 879 1788 praestent
909 1693 1024 1768 somni
1047 1694 1191 1782 locum,
1225 1715 1347 1769 arcem
1380 1693 1478 1768 illam
1513 1697 1674 1786 regiam,
1701 1716 1771 1789 qua
1801 1692 1915 1790 quieti

282 1797 287 1806 “
353 1813 378 1854 1
474 1795 512 1870 se
537 1793 649 1870 dabat
673 1813 760 1881 rex,
784 1793 906 1870 omnis
932 1815 1042 1868 curae
1065 1797 1231 1868 omnium
1257 1793 1420 1868 laborum
1449 1814 1599 1889 expers,
1626 1795 1815 1886 voluptate
1839 1809 1917 1868 tan·

375 1937 377 1940 ·
472 1907 556 1984 ,tum
594 1894 797 1994 perfruens.
859 1895 997 1971 Dextra
1042 1894 1219 1970 annulum
1253 1907 1391 1970 renent
1429 1895 1673 1972 aeternitatis'
1696 1893 1835 1989 fignum
1873 1897 1915 1986 r),

292 2015 299 2022 '
430 2091 433 2094 Α
476 1997 581 2076 laeva
616 1995 789 2096 patellam
819 1996 878 2070 vel
907 1997 1029 2092 potius
1061 2019 1173 2072 cornu
1212 1993 1417 2092 copiaek),
1456 1997 1617 2094 symbola
1655 1997 1913 2086 hauddubie,

470 2101 519 2176 ssut
541 2101 664 2176 omnia
701 2098 795 2172 bona
830 2097 1001 2196 laetaque
1033 2099 1109 2196 regi
1135 2097 1283 2174 abunde
1307 2093 1474 2184 affluant,
1511 2097 1736 2196 omninoque
1764 2124 1829 2178 rex
1864 2099 1917 2176 re·
2014 2106 2016 2112 '

473 2203 529 2300 ⁴lix
550 2203 840 2298 ⁴fortunatusque
861 2199 925 2302 fit.
958 2215 1011 2255 ·-'-
1071 2202 1197 2280 Lunae
1230 2200 1322 2284 falx,
1364 2223 1458 2298 quae
1482 2201 1659 2276 ambabus
1692 2203 1817 2296 liguris
1841 2225 1915 2276 rne-

473 2304 539 2402 ,dia
566 2303 830 2400 supereminet,
864 2297 1005 2398 saepius
1035 2299 1072 2377 in
1103 2305 1355 2380 monumentis
1386 2297 1536 2380 Perlicls
1565 2301 1669 2380 obvia
1697 2304 1778 2388 est,
1811 2305 1914 2380 Luna
1964 2335 1998 2398 ·,

478 2406 625 2500 frugum
655 2411 876 2502 procreatrix
904 2421 943 2478 et
974 2403 1221 2482 abundantiae
1253 2406 1338 2484 fons
1368 2405 1571 2488 habebatur
1591 2405 1648 2498 lla¹
1667 2407 1775 2507 eique
1805 2405 1915 2506 inpri-

464 2507 550 2588 'mis
573 2508 767 2594 crescenti»
780 2505 1034 2604 precabantur.
1065 2527 1071 2536 ·

580 2713 812 2809 Quamquam
841 2709 903 2784 vix
929 2704 1085 2796 efficias,
1110 2729 1221 2805 quern
1251 2710 1386 2786 refutat
1416 2707 1528 2786 statua
1558 2706 1616 2784 illa
1646 2705 1838 2805 equestris,
1874 2711 1914 2786 in

418 2849 422 2854 ·
476 2810 646 2890 'eiusdem
672 2813 767 2890 antri
793 2811 955 2888 interiori
983 2827 1085 2910 parte
1116 2835 1203 2908 prae
1233 2813 1367 2890 ceteris
1394 2809 1520 2906 liguris
1545 2809 1757 2906 conspuimur
1787 2834 1850 2909 per
1878 2803 1914 2888 ie

473 2927 601 3002 tamen
635 2939 677 2992 ea
713 2915 799 2994 satis
827 2916 950 3014 gravis
978 2912 1050 3004 est,
1088 2927 1130 2988 ut
1159 2917 1357 2992 nonnullae
1387 2929 1508 3011 partes
1541 2917 1747 2990 accuratius
1772 2913 1915 3014 *exami-

473 3033 616 3092 nentur
679 3017 784 3094 'llara
815 3017 894 3091 eius
922 3017 959 3091 in
991 3016 1119 3114 galeae
1145 3015 1297 3092 modum
1329 3019 1506 3099 rotunda,
1539 3018 1748 3092 diademate
1773 3032 1913 3104 ornata,

392 3173 394 3183 .
475 3115 714 3210 superstructa
739 3113 836 3190 bulla
862 3119 986 3204 (cuins
1011 3127 1135 3186 tamen
1165 3134 1273 3210 parva
1304 3127 1449 3188 tantum
1482 3137 1564 3211 para
1594 3119 1716 3200 adlruc
1746 3115 1917 3212 conspici·

473 3224 576 3312 tut),
604 3213 783 3296 fasciaea
810 3229 915 3308 tergo
946 3211 1153 3303 fluitantes,
1187 3229 1299 3289 vento
1326 3215 1503 3313 agitatae,
1530 3237 1643 3311 quum
1667 3239 1792 3308 regem
1821 3215 1915 3301 indi·

357 3339 374 3388 .·
475 3337 581 3406 cent,
610 3318 769 3412 effigiem
798 3318 1004 3392 attentione
1029 3311 1146 3391 nostra
1173 3313 1410 3416 digniliimum
1445 3317 1612 3394 reddunt.
1675 3317 1755 3392 Rex
1778 3311 1912 3398 scilicet

476 3439 498 3501 'e
528 3423 633 3520 llirpe
661 3419 928 3499 Salluuidarum
957 3417 1142 3494 exhibitus
1172 3419 1239 3506 eli,
1262 3421 1372 3493 ‘omni
1405 3431 1610 3496 armaturae
1637 3441 1775 3514 genere
1804 3423 1910 3498 deco·

476 3547 558 3611 rua,
591 3521 681 3600 acfi
709 3521 992 3619 expeditionem
1014 3519 1172 3617 aliquam
1207 3521 1413 3616 susciperet.
1442 3529 1445 3570 ⁷
1473 3523 1651 3598 Armatus
1680 3519 1732 3614 eli
1758 3523 1803 3596 au
1832 3525 1910 3600 mo'·

477 3628 566 3706 dum
600 3649 728 3706 eorum
755 3625 940 3714 militum,
980 3629 1043 3724 qui
1076 3621 1377 3747 cataphractorum
1408 3625 1639 3748 m)·nomine
1669 3623 1909 3724 appellantur,
1942 3643 1953 3654 ·

1749 3776 1751 3780 ν
1847 3734 1909 3830 qui

376 4008 386 4018 ,
421 4041 427 4050 ¹
463 3931 487 4033 ‚'
516 3951 554 4031 lx)
575 3951 843 4019 zatun-averae
865 3959 903 4020 ll.
927 3973 956 4037 p.
977 3962 1048 4034 178.
1606 4017 1609 4024 ,
1655 4005 1659 4015 .
1697 4011 1699 4016 .
1817 4019 1820 4028 ,
1875 4007 1879 4016 ,

467 4151 473 4158 ·
510 4062 547 4142 vi)
567 4065 688 4206 lobreto
714 4067 835 4126 Oriente
870 4065 1013 4186 temporit
1045 4056 1207 4132 lamborum
1240 4059 1378 4177 euoulur'
1397 4057 1528 4184 eilstri-
1557 4063 1731 4138 Hssxnnll's
1755 4063 1866 4130 Wrrkr
1884 4067 1909 4132 l,

513 4163 697 4329 Uzentini
717 4247 790 4315 eali:
815 4205 933 4322 illurn,
960 4243 998 4314 ef.
1022 4251 1315 4340 Zarin-Atrum.
1343 4251 1368 4311 Ι.
1393 4268 1422 4333 p.
1438 4259 1509 4324 250.

514 4355 655 4434 l)ze.=ao
686 4363 841 4446 avesna,
865 4359 901 4419 ll.
925 4374 953 4436 p.
973 4369 1032 4424 tro
1045 4371 1074 4418 er
1101 4373 1170 4422 ιιι.

513 4464 560 4542 ur)
580 4461 836 4546 cataphracta·
864 4465 1030 4543 equites,
1056 4482 1129 4548 qens
1158 4453 1412 4544 Clibanerirr
1436 4461 1581 4526 anetem
1604 4461 1726 4561 Persae,
1761 4457 1909 4564 ''⁴⁰''‘'¹.'!

831 4561 842 4570 ·
1048 4561 1054 4576 ⁴
1800 4557 1928 4610 nunrrr‘
