4436 5388
469 448 542 517 ttd
593 437 739 511 rnatu.
761 433 919 504 Penrrne
939 451 1093 502 neuneu
1112 452 1319 508 oecrnenu.
1338 413 1484 548 Sedulo
1498 432 1557 511 lllg
1583 431 1716 516 Menrn
1734 436 1898 510 Mnnnn.

466 632 545 712 rille
573 631 634 710 libi
663 631 727 710 rifi
758 601 851 722 lunt‘
870 630 1074 708 Deurilliur
1094 629 1127 721 c)
1158 641 1197 706 et
1222 599 1438 728 Mannertus
1460 631 1517 725 d).
1571 634 1648 712 latu
1671 631 1759 710 olim
1785 633 1904 710 Della·
1996 592 2007 600 =

423 733 430 744 “
468 736 568 818 Valla
595 738 627 826 e)
663 759 703 814 er
734 733 884 822 Ott‘erue
914 731 954 826 D
987 731 1221 814 Semiramidi
1259 733 1464 812 tribuerunt
1505 750 1747 814 monumenta
1782 737 1905 812 montis

254 816 262 826 ’
322 867 325 878 ·
456 833 642 940 ΧΒὶῘῙιιειιιι.
667 859 762 936 quae
785 856 1019 936 quamquam·
1038 833 1154 910 rnnlto
1175 831 1321 921 absunt,
1355 849 1395 914 ut
1413 838 1668 914 Semiramidis
1690 835 1822 936 pollint
1843 839 1906 916 ba·

468 939 566 1039 beel,
597 937 1075 1036 magistamenquedrent
1102 957 1187 1034 cum
1209 935 1360 1014 Diodori
1384 939 1645 1037 descriptione,
1671 963 1781 1037 quarn
1810 959 1906 1038 quae

436 1087 439 1094 ·
468 1047 509 1120 in
533 1055 660 1118 monte
698 1039 932 1139 Tui-Bostar
963 1037 1210 1114 inveniuntur.
1263 1039 1433 1115 Danuillii
1461 1040 1640 1118 sententia
1665 1065 1738 1120 non
1762 1065 1805 1118 ea
1829 1041 1906 1138 qui·

304 1229 315 1250 .
469 1146 556 1222 dem
581 1143 652 1232 est,
673 1155 734 1218 *ut
760 1143 922 1240 perlecta
951 1163 995 1216 ea
1024 1161 1046 1215 a
1071 1139 1318 1218 Semiramide
1356 1153 1480 1238 putett
1514 1142 1595 1231 sed,
1622 1165 1736 1242 quum
1770 1133 1907 1220 fabulo·⁸
1984 1214 1989 1222 ,
2036 1160 2045 1168 ’

471 1247 534 1324 sae
557 1245 607 1321 illi
638 1243 800 1321 feminae
837 1243 1059 1329 tribuantur,
1092 1263 1188 1338 quae
1218 1243 1266 1318 ad
1286 1241 1395 1320 uliam
1417 1243 1538 1342 potius
1560 1247 1678 1340 magis
1702 1246 1908 1322 historicam

471 1347 659 1447 personam
682 1346 884 1443 pertinent,
910 1343 969 1419 alii
987 1335 1132 1429 fortalie
1151 1345 1613 1441 aequeolarueoriginem
1633 1371 1674 1420 ee
1693 1348 1828 1422 debere
1844 1370 1906 1444 pu·

471 1465 526 1528 tat
539 1452 595 1546 g).·
627 1449 787 1527 Omnino
803 1449 895 1522 haec
911 1447 985 1522 duo
1002 1442 1144 1524 tanturn
1164 1448 1390 1522 contendere
1404 1449 1483 1524 vult
1502 1449 1724 1548 Danuuius„
1750 1456 1908 1548 primum

470 1564 711 1629 monumenta
726 1547 964 1627 'sak-Bolien
978 1546 1089 1646 long‘e
1104 1547 1273 1644 superare
1286 1545 1553 1626 Sa'llrnidarum
1574 1563 1751 1647 tempora,
1772 1547 1907 1638 deiude

469 1651 646 1749 descripta
678 1675 722 1729 ea
746 1649 933 1726 ede'lools
953 1648 1060 1745 supra
1085 1650 1206 1727 allatis
1234 1651 1386 1728 Diodori
1409 1666 1449 1730 et
1472 1649 1667 1747 rudent).
1721 1653 1838 1736 Quod·
1861 1651 1909 1726 ad
1971 1667 1974 1676 ’
2011 1675 2030 1720 ,·-

470 1756 640 1850 regionis.
658 1751 765 1850 srtnur
795 1757 948 1834 attinet,
976 1749 1197 1846 firme-milri
1222 1747 1423 1846 persuasum
1449 1753 1587 1842 habeo,
1614 1751 1908 1830 montem-illum

470 1855 623 1955 Diodori
637 1851 868 1954 'Bagistanen
895 1848 1035 1930 nullum
1059 1851 1174 1928 allum
1204 1851 1294 1940 elle,
1318 1877 1429 1951 quam
1457 1855 1519 1951 qui
1550 1853 1624 1930 iam
1647 1855 1779 1932 dicitur
1796 1845 1911 1956 Biffug

471 1950 533 2038 l'ur'r
558 1956 675 2036 latiori
701 1954 832 2040 lenlut'
856 1951 1016 2032 nominis
1038 1949 1233 2030 similitudo
1260 1977 1345 2032 cum
1371 1955 1612 2042 Terin-Rostan
1640 1956 1821 2054 huiusque
1848 1977 1909 2029 vo·

471 2059 596 2144 cabuli
615 2059 846 2160 significatio,
871 2057 1033 2153 regionis
1058 2070 1097 2132 et
1118 2057 1217 2154 rupis
1238 2058 1335 2154 apud
1359 2057 1559 2138 Diodorum
1586 2055 1787 2156 descriptio.
1814 2079 1909 2156 quae

387 2195 391 2200 ·
472 2167 582 2262 plane
617 2162 771 2258 quadrat
810 2183 893 2238 curu
927 2161 1244 2258 peregrinatorum
1281 2158 1569 2258 narrationibusn
1602 2159 1824 2244 dubitationi
1861 2159 1911 2232 lo·
1974 2183 1978 2192 ¹

472 2291 558 2342 curn
582 2289 656 2344 non
678 2261 887 2362 relinquunt
904 2263 943 2352 r).
998 2257 1121 2336 Nihilo
1151 2259 1281 2336 secius'
1298 2274 1423 2336 tamen
1446 2257 1591 2336 tanturn
1617 2261 1762 2344 absum,
1789 2275 1830 2336 ut
1847 2260 1937 2336 Sev
1998 2331 2001 2342 ,

472 2361 675 2452 miramidie
701 2365 854 2444 habeam
887 2375 1128 2438 monumenta
1162 2360 1299 2436 montis
1331 2362 1596 2445 Tau-Bonan,
1628 2377 1669 2438 ut
1705 2362 1817 2438 etiarn
1851 2384 1910 2436 ex,

475 2469 547 2570 ipla
577 2465 997 2563 Diodori-descriptione
1028 2462 1124 2538 clare
1154 2485 1332 2560 apparere
1358 2462 1451 2541 mihi
1471 2461 1657 2554 rideatur,
1690 2461 1808 2540 nostra
1832 2468 1912 2554 elur

473 2596 550 2656 non
566 2569 655 2654 aller
676 2571 735 2645 ubi
753 2569 851 2646 enirn
868 2566 919 2642 est
931 2563 1184 2648 Semiramidis
1200 2561 1350 2662 effigies,
1375 2563 1434 2639 ubi
1450 2563 1532 2641 lunt
1546 2574 1696 2642 centum
1712 2565 1912 2662 stipatores.
2014 2657 2021 2664 ι

243 2677 249 2687 ’
340 2755 347 2773 p
474 2673 537 2750 ubi
562 2666 791 2748 characteres
811 2667 918 2760 Syri?
971 2667 1121 2745 Maximi
1145 2667 1304 2742 ambitus
1326 2663 1378 2741 est
1402 2689 1509 2744 mons
1526 2667 1715 2750 Bissutuur
1742 2665 1912 2740 strevera

476 2775 690 2854 exstiterunt
704 2773 761 2848 illa
771 2767 1023 2850 Semiramidis
1037 2789 1160 2868 opera,
1177 2789 1254 2866 nee
1267 2767 1463 2850 multorum
1483 2769 1706 2849 soeculorum
1726 2763 1912 2854 decursus,
2011 2757 2018 2772 ¹

349 2872 351 2881 '
474 2893 518 2956 ut
551 2877 753 2976 probabile,
791 2896 904 2949 omne
934 2893 1061 2948 eorum
1099 2857 1288 2965 vestigium
1320 2868 1464 2970 prorsus
1495 2868 1667 2959 delevit‚'
1688 2869 1759 2948 alio
1803 2867 1913 2944 huius

476 2983 614 3070 montis
637 2979 718 3058 loco
744 3001 786 3051 ea
811 2998 957 3072 quaere.
1008 2971 1102 3059 Sed,
1122 2987 1175 3070 ¹ut
1197 2971 1316 3064 dicant
1337 2971 1435 3069 quod
1463 2971 1597 3069 sentio,
1624 2973 1757 3049 erravit
1777 2969 1913 3046 Diodo·

477 3103 560 3164 rua,
598 3081 713 3154 etita
745 3075 890 3148 fortalle
920 3087 1023 3144 ortus
1056 3071 1107 3141 est
1130 3071 1210 3142 eius
1236 3089 1353 3144 error:
1394 3072 1646 3146 tribuebantur
1678 3068 1913 3147 Semiramidi

476 3179 594 3260 multa
617 3189 870 3258 monumenta,
897 3192 1051 3269 quorum
1074 3190 1183 3246 verns
1205 3181 1346 3258 auctor,
1371 3191 1483 3266 quum
1500 3173 1548 3246 ad
1571 3167 1800 3250 remotillirna
1822 3185 1913 3246 tem.

466 3267 564 3384 'pora
599 3289 801 3358 recurreret
834 3296 962 3350 eorum
994 3271 1120 3372 origo,
1156 3270 1329 3348 oblivioni
1356 3271 1465 3354 datus
1492 3287 1582 3350 erat.
1636 3273 1685 3354 Et
1711 3273 1758 3352 de
1785 3293 1928 3362 monn-G

477 3369 620 3466 menti}
638 3383 776 3458 montis
806 3375 987 3460 Bilsutun‚
1022 3373 1124 3450 sensu
1146 3374 1289 3450 arctiori
1315 3375 1369 3464 i),
1399 3376 1456 3450 vet
1478 3375 1669 3452 audiverat
1689 3374 1913 3470 perlegerat

477 3487 676 3586 quidquam
702 3479 902 3562 Diodorusr
941 3499 1055 3576 quum
1089 3497 1177 3552 vero
1207 3479 1286 3551 eius
1308 3487 1474 3572 tempora
1498 3481 1659 3580 quinque
1687 3477 1766 3556 fere
1793 3473 1913 3550 saecu·
2053 3483 2064 3490 ‘

477 3587 523 3670 lia
556 3586 837 3688 praecederent,
877 3601 1078 3680 eorumque
1103 3573 1318 3678 fignificatlo
1345 3577 1420 3658 iam
1451 3577 1491 3658 in
1524 3573 1669 3658 l'abulee
1699 3573 1850 3756 amureg}
1860 3571 1913 3667 l),

1790 3699 1813 3756 V
1877 3697 1914 3753 ἃ·
2002 3713 2008 3716 ·

520 3827 549 3898 t)
570 3819 692 3898 Histoire
712 3811 747 3882 ὦ
768 3815 875 3884 laced.
898 3777 1054 3896 dtr—infir.
1074 3811 1196 3878 xxvrt.
1221 3817 1342 3896 p0159·
1851 3699 1876 3776 Β
1990 3799 1995 3804 “

525 3926 564 4006 rl)
584 3933 623 3994 V.
643 3945 673 4010 p.
689 3926 760 3992 1⁶6.
1043 4001 1054 4008 ἱ
1280 3923 1308 3988 r)
1331 3919 1368 3978 V·
1390 3931 1420 3998 Ρ·
1436 3926 1508 3990 332.
1894 3985 1898 3992 .

518 4033 560 4120 f)
582 4037 607 4102 1.
628 4053 657 4118 p.
677 4040 747 4104 188.
833 4021 836 4026 ’
1274 4032 1309 4108 g)
1326 4017 1401 4094 urst.
1421 4019 1455 4084 dr
1473 4015 1580 4086 l'rcrd.
1598 4017 1717 4086 xxvrt.
1741 4039 1771 4106 p.
1788 4019 1857 4100 164.
1974 4023 1984 4036 '

522 4147 559 4225 b)
582 4141 659 4207 ibid.
685 4160 715 4222 p.
735 4136 804 4204 16⁶.
975 4165 982 4170 ·
1280 4131 1311 4207 i)
1333 4126 1382 4192 cf.
1404 4129 1463 4189 De⁴
1478 4127 1584 4224 διιεῖ.
1605 4145 1636 4208 p.
1653 4136 1724 4196 att.
1787 4195 1806 4218 .-
1845 4151 1854 4160 -

521 4252 556 4331 l)
568 4257 645 4396 ἃς.
666 4243 774 4310 scilieet
799 4239 886 4317 loro,
918 4255 951 4306 ut
971 4237 1049 4306 inire
1070 4236 1252 4312 videbimur,
1273 4233 1558 4300 Arbrenrenidrrunr
1582 4222 1772 4295 monumenta
1791 4231 1911 4310 ebrium
1944 4267 1952 4277 r

589 4355 605 4394 Ι
627 4352 669 4394 ΕΙ.
1598 4341 1603 4350 ·

525 4439 550 4520 l)
568 4443 603 4504 lu
621 4438 742 4502 oriente
756 4431 836 4502 'nibil
857 4429 914 4496 boe
926 4435 996 4496 miri
1011 4432 1117 4546 bebere
1138 4431 1187 4494 rix
1207 4437 1298 4515 quun
1319 4437 1459 4512 quartum
1480 4415 1625 4484 soeculum
1638 4399 1911 4569 'euphemianum
