4334 5384
345 467 353 476 ·
473 451 527 536 μ
575 429 671 521 Eone
698 433 737 508 d.
762 429 922 508 s’rrrms
943 415 1103 507 ‘renone
1131 419 1432 544 ororetur-mes.
1459 431 1600 512 Sccnr'o
1623 438 1649 516 t.
1677 437 1820 514 Peiore.

473 654 550 714 nus
570 581 776 733 enegsppbo
798 631 860 710 iilo
882 631 1079 712 exhibitos
1094 579 1240 732 putem,
1269 627 1439 717 obstent
1464 619 1534 712 aiio
1562 633 1730 711 eiusdem
1755 629 1902 730 generis
1951 573 1956 606 ἱ

479 735 660 833 symbolo,
686 735 815 831 quibus
837 757 907 814 nec
933 731 1127 824 Arsacidae
1152 735 1304 825 devicti,
1331 759 1399 810 nec
1423 739 1573 812 omnino
1596 759 1703 831 reges
1726 737 1902 811 dimicnn·

480 849 625 919 tem-ut
645 837 894 933 inscriptiones
917 837 962 912 iis
981 839 1126 914 additae
1145 839 1297 921 docent,
1325 837 1476 914 exhibiti
1501 837 1582 911 sunt
1599 847 1654 930 rr).
1678 906 1681 912 ,
1705 835 1902 924 Quomodo
1953 913 1958 916 ,
1991 841 2005 852 “

481 957 572 1015 vero
594 936 805 1031 fignificorio
832 939 893 1012 iila
916 959 1000 1014 corn
1030 939 1148 1014 nostro
1169 937 1569 1034 emglppstofflqundret,
1594 937 1682 1032 quid
1707 935 1924 1013 sibivesint·

485 1059 579 1116 arus
601 1052 641 1114 et
660 1059 777 1134 nepos
800 1038 838 1116 in
864 1061 938 1136 uno
960 1053 1200 1116 monumento
1230 1040 1435 1126 coniuncti,
1461 1063 1505 1114 eo
1527 1036 1706 1114 difficilius
1727 1037 1778 1114 est
1797 1035 1930 1134 ,tutet-g

478 1141 604 1225 lectu,
630 1161 702 1236 quo
726 1139 862 1216 certius
885 1137 1041 1227 constat,
1065 1139 1181 1218 musto
1211 1137 1286 1236 poti
1312 1139 1450 1216 obitum
1474 1138 1689 1216 Artaxerxis
1702 1137 1905 1231 imperium

425 1243 429 1250 “
487 1239 661 1336 adeptum
685 1238 787 1316 suisse
810 1233 1058 1318 Hormiedem.
1117 1243 1174 1317 Eo
1197 1259 1291 1336 quoe
1320 1259 1404 1316 mea
1427 1238 1480 1314 est
1500 1239 1688 1316 sententie.
1722 1239 1907 1328 ¹[dormis-

482 1343 557 1417 'dos
586 1339 623 1414 ie
650 1337 717 1413 flstt
746 1336 885 1414 curarit
916 1340 1057 1436 imperii
1088 1339 1303 1438 potestatem
1329 1340 1610 1438 adipiscentem
1650 1339 1786 1435 pietate
1817 1329 1906 1416 sero

489 1441 625 1514 ductus
650 1461 735 1536 ergo
765 1461 869 1526 eum,
901 1440 964 1538 qui
990 1439 1084 1537 stirpi
1109 1441 1374 1518 Sessnnsdarum
1397 1443 1588 1537 imperinm
1617 1449 1907 1538 recuperaverat,

491 1542 628 1640 quique
648 1553 754 1615 autor
774 1539 883 1640 qussi»
897 1551 981 1616 eret·
996 1542 1149 1636 gloriae,
1171 1565 1281 1638 quem
1304 1544 1378 1619 iem·
1395 1542 1468 1639 ipse
1489 1541 1773 1640 adipiscebatur,
1800 1541 1907 1617 Arto-

486 1663 641 1723 merrtem
658 1641 770 1727 illum,
792 1661 900 1717 avum
922 1643 1022 1718 suum
1037 1644 1086 1719 ita
1110 1641 1213 1717 fimus
1234 1643 1354 1718 secum
1380 1637 1541 1730 exhibet,-
1566 1667 1610 1718 ac
1628 1642 1652 1716 sr
1671 1644 1716 1718 ab
1736 1665 1781 1716 eo
1802 1639 1907 1716 offere

488 1756 591 1822 retur
619 1739 681 1836 ipsi
716 1731 814 1836 regini
849 1739 1016 1839 potestne.
1074 1743 1201 1820 Fidem
1222 1743 1324 1820 secit
1350 1726 1527 1840 dliquom,
1563 1743 1678 1841 quod,
1710 1741 1908 1818 secundum

489 1841 667 1926 Niebubri
694 1837 872 1935 effigiem,
902 1841 1097 1922 iuvenilem
1126 1855 1287 1922 aetatem
1317 1843 1379 1920 vix
1406 1845 1550 1942 ignores
1579 1848 1617 1920 in
1642 1844 1765 1940 equite
1781 1842 1906 1928 -taevo,

488 1945 610 2022 mutto
628 1963 724 2020 uero
745 1941 920 2020 seniorem
951 1945 987 2022 se
1019 1945 1225 2024 manifestet
1250 1967 1363 2044 eques
1392 1947 1442 2021 ad
1461 1948 1650 2032 dextram,
1673 1943 1908 2022 Artaxerxes.

438 2070 442 2077 ’
490 2043 770 2126 veruntamen
793 2064 914 2120 meam
941 2045 1155 2122 sententiam
1177 2047 1268 2122 nihii
1286 2045 1349 2122 nisr
1371 2048 1619 2122 coniectorem
1641 2043 1729 2127 esse,
1755 2048 1910 2120 coinon

442 2195 446 2200 v
488 2147 598 2224 vaide
618 2143 789 2232 insistam,
816 2144 1024 2224 incertiore
1051 2149 1163 2224 modo
1187 2149 1426 2247 proferentur,
1445 2146 1520 2244 ipse
1539 2149 1699 2243 ingenue
1720 2145 1907 2244 profiteor:

491 2245 727 2344 superstructo
755 2247 851 2322 enim
883 2247 933 2323 est
959 2247 1212 2335 coniecturae,
1243 2273 1316 2346 oue
1348 2249 1568 2328 Hormirdae
1594 2262 1731 2322 nomen
1758 2245 1910 2321 restituit
1944 2303 1948 2310 .

439 2347 442 2356 “
491 2349 715 2440 De-Sncyus.
759 2349 870 2440 Quae
891 2358 1205 2426 veroconiecture
1224 2352 1314 2445 quid
1337 2348 1359 2424 sr
1382 2352 1512 2426 iterum
1530 2351 1669 2423 acutior
1684 2345 1779 2422 soret
1799 2367 1910 2443 quem

487 2448 639 2539 seriors,
691 2449 788 2525 Num
816 2449 959 2523 sortasse
979 2447 1071 2524 eiius
1092 2449 1206 2526 subest
1229 2449 1449 2546 inscriptioni
1472 2449 1614 2533 sensus,
1648 2447 1746 2523 adest
1767 2446 1910 2524 sortasse
1956 2503 1958 2511 .

489 2573 633 2628 nornen
652 2547 828 2646 Saporis?
880 2551 1030 2630 thetur
1049 2551 1411 2646 nobisnoointegro
1435 2549 1626 2646 hucusque
1648 2547 1912 2648 inscriptio-iiia
2016 2613 2021 2620 .
2150 2569 2161 2613 ι

494 2651 654 2728 exhibita
678 2649 800 2726 fuisse:
837 2652 977 2728 Graeca
1008 2653 1107 2728 eninr
1135 2651 1316 2748 inscriptio
1341 2649 1455 2727 verfio
1478 2651 1536 2726 est
1562 2651 1710 2726 alterins
1739 2671 1832 2746 quae
1862 2672 1912 2725 ex

494 2751 638 2830 duaom
655 2751 945 2835 lineisconstntr
979 2751 1018 2828 in
1043 2751 1213 2850 omnibus
1234 2775 1320 2828 vero
1348 2751 1481 2830 ceteris
1501 2749 1790 2852 inscriptionibus
1815 2749 1912 2826 lines

488 2855 636 2932 Graeco
664 2852 783 2930 linere
815 2851 1054 2952 inscriptionis
1077 2853 1246 2934 Pelricee
1268 2854 1471 2950 respondet
1532 2853 1601 2932 Coi
1626 2852 1785 2948 denique
1811 2875 1912 2928 acce·

493 2955 553 3034 dit
573 2953 851 3032 verofimititotis
873 2953 996 3040 causa,
1023 2976 1166 3046 exque
1196 2961 1256 3026 vix
1283 2956 1515 3050 sperandum,
1543 2968 1585 3026 ut
1605 2955 1825 3027 Hormisdee
1849 2976 1914 3036 ηο·1

491 3057 585 3130 men
611 3055 654 3144 in*
668 3065 909 3146 monumento
928 3052 1048 3148 aliquo
1062 3050 1279 3126 invenietur.
1330 3051 1412 3126 Non
1440 3051 1500 3124 iile
1522 3051 1624 3126 fuisse
1651 3053 1794 3128 videtur
1818 3053 1940 3136 Hor·¹

494 3147 654 3237 misdes',
681 3151 747 3248 'qui
768 3153 1016 3228 monumentis
1034 3152 1234 3228 condendis
1257 3151 1412 3228 multum
1437 3149 1595 3227 tribuere
1621 3161 1661 3227 et
1687 3152 1850 3228 voluisset
1874 3163 1914 3228 et

493 3252 681 3354 potuisset:
703 3251 948 3338 brevissimum
976 3251 1073 3330 enim
1096 3254 1175 3330 eius
1195 3251 1265 3330 suit
1284 3253 1423 3348 imperii
1442 3259 1607 3350 tempus3
1632 3254 1797 3350 inpendit
1816 3277 1913 3350 prae·

493 3367 595 3434 terea
620 3367 736 3432 rotem
761 3355 840 3430 fere
867 3357 978 3428 vitam
1003 3355 1118 3430 liter-is
1141 3370 1181 3432 et
1201 3355 1367 3453 inprimis
1389 3354 1636 3452 philosophiae
1659 3361 1712 3446 o).
1742 3357 1839 3434 -Sed
1863 3355 1912 3431 sa·

494 3457 545 3532 tis
566 3455 873 3543 coniecturarum,
906 3479 965 3532 res
988 3458 1033 3530 ed
1059 3455 1235 3554 liquidum
1260 3454 1404 3533 fortasse
1427 3455 1556 3532 deduci
1583 3455 1697 3554 potest
1724 3481 1788 3552 per
1812 3479 1913 3552 pere·

423 3609 432 3628 .
494 3553 700 3656 grinatores
719 3557 880 3651 futuros,
907 3558 968 3658 qui
988 3557 1149 3644 habeant
1174 3581 1247 3658 qno
1272 3557 1459 3636 oculorum
1479 3560 1596 3637 aciem
1621 3571 1847 3635 convertent.
1995 3646 2005 3654 ,

739 3770 746 3782 ’
878 3759 914 3830 d)
945 3763 1124 3836 Singulae
1154 3763 1369 3817 monumenti
1394 3771 1530 3832 partor.

595 3877 694 3956 Dum
714 3879 760 3955 ad
784 3878 979 3976 figurarum
1000 3869 1137 3960 costum
1158 3897 1197 3962 et
1215 3883 1379 3961 vestitum
1402 3877 1646 3957 illustrandum
1671 3879 1914 3978 procedimus,
1960 3869 1965 3877 ’

408 3987 411 3995 “
491 3977 639 4060 tntttom
664 3981 842 4058 sociamus
867 4008 887 4060 a
908 3984 1028 4072 cupitis
1048 3996 1261 4076 ornamento,
1285 3987 1333 4060 de
1356 4007 1428 4079 quo
1451 3995 1584 4079 oriente
1609 3981 1650 4060 sit
1672 3981 1849 4070 consono,
1876 3995 1916 4059 et

209 4049 213 4056 Ι
338 4153 370 4164 .,
496 4081 682 4184 quomodo
703 4079 765 4162 fibi
787 4085 1037 4162 contradicent
1057 4087 1266 4190 scriptores,
1297 4085 1406 4164 facite
1427 4085 1492 4162 tibi
1516 4082 1745 4184 persuadebis
1768 4109 1814 4166 ex
1835 4079 1915 4159 Pol·

1710 4281 1713 4288 1
1832 4184 1914 4262 luce
1956 4280 1969 4296 f

473 4367 478 4373 ¹
535 4387 573 4460 rr)
594 4384 641 4450 Cs.
663 4397 850 4450 monuments
870 4387 950 4450 urbis
972 4385 1196 4457 ssirmeusrbeb,-

491 4533 500 4544 .
536 4489 820 4566 epitameron
843 4492 909 4562 sb.
929 4513 958 4562 r.
