4364 5394
558 415 648 488 Car.
670 413 696 486 l.
713 410 946 485 vl'rrrtnirrourt
975 425 1103 482 vuuoo
1131 405 1460 485 Tacere-Mutare.
1501 489 1524 510 st
1669 433 1718 488 rr

289 631 431 724 partem
463 613 632 718 praebet,
672 625 749 708 qua·
775 557 934 708 primum
960 605 1083 688 oculis
1116 557 1335 684 obiciuntur
1356 607 1444 684 dun
1473 603 1648 704 parietes,
1683 608 1723 690 in

289 745 443 822 quorum
471 733 628 820 utroque
659 709 826 810 animalis
854 710 1044 787 cuiusdam
1079 707 1228 784 fabulosi
1263 709 1377 807 ligura
1411 708 1571 788 coloffica
1603 707 1723 790 excita
1860 699 1870 721 ‘

160 889 162 895 Α
289 829 349 902 eli.
404 827 569 910 Quatuor
599 815 733 892 deinde
769 811 857 888 sitae
888 825 993 908 etant
1026 811 1238 896 columnae,
1281 833 1434 909 quarum
1469 811 1565 890 duaa
1599 814 1722 892 adhuc
1839 891 1840 898 ,

288 925 497 1028 supersunt,
522 942 614 1020 quas
634 919 767 992 iterum
789 912 923 988 similae
950 913 1135 1011 excipiunt
1156 911 1334 1011 parietes,
1362 910 1537 1012 similibus
1560 913 1723 995 instructi

287 1025 515 1106 animalibus.
575 1021 748 1096 introitus
775 1015 836 1093 hic
866 1014 970 1092 inille
1001 1015 1146 1090 videtur
1178 1013 1291 1090 totius
1309 1013 1494 1114 aedilicii.
1559 1017 1649 1094 lude
1675 1017 1724 1094 ad

286 1151 437 1206 manum
461 1127 629 1200 dextram
652 1121 786 1196 iterum
814 1141 878 1216 per
898 1116 1008 1194 scalae
1035 1114 1207 1192 ascensus
1230 1115 1282 1192 eli
1305 1119 1351 1192 ad
1372 1116 1569 1194 secundam
1592 1141 1723 1198 monu-

285 1231 403 1324 menti
425 1240 586 1327 partem,
612 1237 697 1300 octo
718 1223 831 1320 pedes
857 1219 967 1317 priori
988 1217 1168 1296 altiorem.
1221 1219 1272 1296 lbi
1298 1219 1496 1299 columnae
1514 1217 1604 1300 fitne
1626 1219 1721 1308 sunt,

261 1328 548 1430 ‚quinquaginta
574 1328 709 1423 pedum
731 1323 944 1426 altitudine,
971 1343 1089 1418 eaque
1119 1318 1288 1404 crallrtie.
1322 1333 1364 1397 ut
1389 1319 1499 1398 trium
1527 1322 1722 1404 hominum

284 1433 497 1533 amplexum
522 1427 713 1525 expleantr
741 1437 861 1500 totum
885 1420 1093 1516 aedificium
1120 1422 1168 1498 ab
1196 1426 1242 1498 iis
1264 1425 1403 1500 nomen
1431 1423 1550 1500 traxit.
1600 1425 1733 1518 Paria-2
1776 1442 1780 1452 ’

283 1545 343 1613 ten
366 1533 540 1611 italarum
572 1529 690 1608 ornati
724 1525 807 1602 sunt
832 1521 980 1600 diversis
1009 1522 1246 1617 anaglyphis,
1281 1545 1379 1619 quaa
1410 1545 1495 1600 curu
1526 1525 1722 1608 hominum

241 1679 244 1692 ι
282 1635 442 1734 figuras,
468 1634 604 1732 padum
628 1631 785 1705 duorum
810 1637 850 1702 et
874 1623 1016 1702 dimidii
1040 1623 1255 1708 altitudine,
1282 1637 1361 1698 turn
1383 1625 1600 1702 animalium
1624 1629 1721 1708 inter

283 1740 321 1816 se
340 1737 560 1814 certantium
590 1729 731 1826 effigies
760 1724 892 1804 filiunt.
955 1724 1179 1804 Aedilicium
1209 1724 1279 1828 hac
1306 1738 1409 1821 parte
1430 1735 1474 1800 ut
1495 1725 1614 1804 monti
1641 1751 1722 1826 pro.

281 1841 444 1924 acimum,
469 1839 519 1914 ita
544 1846 583 1912 et
599 1832 739 1908 ambitu
762 1829 965 1908 maximum
989 1825 1059 1910 elia
1087 1825 1246 1923 parietes
1265 1825 1720 1928 multisligurisinllructi

283 1941 385 2030 suirt,
411 1945 618 2036 intorques
641 1955 766 2028 regem
787 1929 871 2008 seila
895 1929 995 2023 regia
1021 1927 1210 2010 sedentem
1229 1949 1304 2004 non
1330 1928 1490 2022 ignores.
1544 1929 1627 2007 Alia
1650 1935 1720 2012 nii·
1812 2021 1814 2028 ,

282 2041 385 2120 noris
408 2040 605 2116 structurae
624 2033 791 2112 aedificia
812 2032 902 2108 inde
922 2031 970 2106 ad
993 2031 1225 2108 occidentem
1249 2028 1372 2106 verius
1393 2023 1582 2120 srta’sunt,
1610 2055 1717 2130 qnae,

126 2177 136 2194 ·
281 2163 399 2241 quum
422 2142 556 2218 iterum
583 2136 698 2214 solum
720 2135 852 2216 elatius
877 2147 1079 2226 occupent,
1112 2131 1257 2210 tertiam
1285 2133 1399 2208 totius
1425 2133 1548 2229 operis
1574 2148 1717 2230 partam

283 2239 431 2320 efficere
459 2241 530 2314 dici
561 2237 714 2335 poliunt.
769 2232 996 2315 Remotioris
1024 2234 1117 2308 haec
1144 2234 1217 2312 elie
1239 2231 1411 2308 videntur
1439 2233 1574 2312 aetatis
1606 2259 1719 2336 quam

284 2356 427 2434 ceteram
443 2325 647 2439 scripturis
671 2357 790 2464 aequo
814 2353 858 2412 ac
880 2331 1005 2410 omnia
1031 2333 1171 2434 reliqua
1195 2328 1322 2412 multis
1347 2335 1549 2414 abundant.
1647 2445 1657 2466 '
1697 2377 1705 2394 ·

385 2528 419 2606 E
446 2521 596 2626 regione
627 2521 738 2598 huius
766 2517 924 2596 aedilicii
957 2539 1065 2602 mons
1097 2514 1289 2594 Rachmecl
1323 2503 1610 2596 ¹monumentum
1643 2519 1719 2621 spe.

284 2631 457 2710 ctandum
479 2613 630 2725 praebet
648 2645 758 2720 quam
778 2622 941 2698 maxime
960 2619 1209 2697 memorabile.
1262 2621 1396 2714 lllagna
1417 2619 1579 2718 lapidum
1598 2625 1716 2700 moles
1842 2647 1847 2663 ·

285 2733 430 2808 mediae
449 2726 526 2804 iere
546 2726 685 2804 montis
706 2721 785 2820 rupi
807 2735 953 2800 exemta
975 2719 1043 2808 eli,
1071 2735 1111 2796 ut
1135 2719 1446 2819 perpendicularis
1469 2719 1576 2800 lieret
1596 2717 1715 2822 super.

286 2833 407 2917 liciat,
434 2851 542 2926 quarn
565 2827 700 2904 deinde
719 2823 845 2900 multis
867 2821 1057 2920 sculpturis
1080 2821 1257 2920 perpolite
1283 2823 1454 2898 omnibus
1474 2823 1592 2900 incias
1615 2849 1717 2907 orna

285 2933 340 3009 vit
360 2929 502 3006 artifex.
553 2919 686 3002 Totum
713 2923 804 3007 hoc,
839 2923 935 2994 inter
957 2921 1225 3012 Persepolitana
1257 2921 1365 2996 facile
1394 2919 1636 3020 gravisimum
1663 2952 1716 3004 ar·
1870 2927 1878 2950 ”

285 3037 337 3111 tis
365 3055 459 3127 opus
482 3027 585 3114 fissit,
621 3048 666 3098 ex
690 3019 865 3098 Clrardini
890 3017 1012 3113 effigie
1035 3019 1177 3102 LXVll.
1204 3017 1326 3096 tabula
1352 3018 1467 3097 nollra
1495 3025 1518 3098 l.
1572 3025 1718 3106 Frontis

287 3133 443 3212 latitudo
470 3126 695 3228 septuaginta
721 3137 761 3198 et
782 3123 938 3212 duorum
970 3120 1104 3216 pedum
1133 3117 1200 3206 est.
1233 3122 1386 3196 altitudo
1414 3137 1561 3200 centum
1592 3143 1631 3203 et
1654 3133 1715 3206 tri·
1749 3159 1792 3224 ·‚

288 3239 402 3333 ginta.
455 3233 583 3310 Simile
600 3247 693 3326 opos
717 3223 902 3324 paululum
925 3221 1013 3300 inde
1031 3221 1221 3298 meridiem
1240 3223 1362 3300 versus
1381 3225 1418 3300 in
1439 3227 1569 3302 eodem
1590 3245 1718 3308 monte

287 3335 450 3412 excisum
482 3334 551 3420 ellr
593 3349 713 3425 aquo
741 3325 874 3402 iterum
906 3335 1072 3422 quartam
1111 3323 1224 3398 llorae
1253 3325 1533 3422 partem„dlllat
1566 3333 1715 3412 tertium
1840 3376 1844 3384 =

288 3439 454 3518 eiusdem
480 3433 627 3534 generis
656 3427 924 3528 anaglyphum,
950 3447 1025 3501 non
1046 3419 1188 3529 prorsus
1205 3447 1297 3554 aero
1323 3429 1539 3528 perfectum.

489 3721 494 3732 ·
639 3685 685 3764 V.
743 3683 1133 3764 Commentariorum
1168 3680 1368 3783 recensio.

391 3839 688 3936 Peregrinatotea
714 3837 792 3916 iere
813 3861 945 3914 omnes
968 3861 1081 3940 quum
1106 3861 1177 3920 nec
1197 3833 1366 3914 historiae
1390 3857 1460 3912 nec
1482 3835 1571 3913 artis
1599 3797 1719 3938 cogni.

291 3949 392 4027 tione
415 3946 521 4040 ualde
542 3940 656 4016 ellent
675 3939 811 4024 inbuti,
837 3939 987 4020 minoris
1008 3939 1190 4030 momenti
1212 3938 1370 4015 habendi
1397 3935 1477 4014 sunt
1495 3942 1616 4040 quoad
1638 3943 1721 4020 Per.

62 4083 72 4096 ·
169 4105 178 4117 ·
293 4050 489 4148 [apolitana
524 4041 755 4141 explicanda..
809 4041 945 4119 Eorum
971 4045 1080 4144 igitur
1105 4041 1306 4120 sententias
1329 4039 1490 4116 excludit
1520 4043 1720 4122 haecnea

291 4149 534 4230 enumeratio.
585 4143 738 4242 Reliqua
761 4166 847 4219 vero
868 4143 1072 4240 explicandi
1097 4143 1290 4220 conamina
1318 4142 1367 4218 ita
1396 4143 1558 4230 afferam,
1585 4157 1627 4220 ut
1652 4147 1722 4246 pri.

291 4277 394 4333 mum
422 4252 470 4326 de
495 4245 649 4324 iis'viris
673 4245 824 4321 eruditis
846 4245 990 4343 loquar,
1017 4249 1078 4346 qui
1101 4247 1159 4326 vel
1181 4249 1217 4322 in
1245 4244 1448 4321 universum
1473 4245 1526 4320 de
1541 4243 1722 4344 Persepoli

147 4383 152 4394 ·
293 4353 512 4436 sententian
537 4345 772 4448 protulerint,
797 4347 857 4428 vel
879 4359 1022 4448 partem
1050 4351 1130 4428 eius
1152 4349 1404 4450 explicandam
1428 4345 1491 4426 sibi
1513 4345 1722 4433 sumserinta
1836 4389 1840 4402 ·

1026 4483 1031 4496 ·
1112 4451 1146 4530 B
1172 4469 1196 4534 a
1585 4451 1721 4530 deinde
