4364 5394
549 472 941 560 Car.1.i'rararorrr.
966 487 1094 544 rucco
1122 465 1451 548 'rorare-ruma.
1492 550 1515 569 ¹,
1601 517 1603 525 ·
1660 495 1709 550 rr

281 693 422 786 partem
453 637 624 780 praebet,
663 687 741 771 qua·
766 619 924 770 primunr
949 667 1074 750 oculis
1107 617 1327 744 olriiciuutur
1347 667 1436 744 duo
1464 664 1639 766 parietes.
1674 669 1714 750 in

280 807 435 886 quorum
463 795 618 884 utroque
650 771 817 870 anim'aljs
846 771 1035 848 cuiusdam
1071 769 1220 846 fabulosr
1254 769 1368 869 ligura
1402 769 1562 850 colollica
1595 769 1714 851 excisa
1851 761 1861 782 ‘

151 953 153 958 .
280 892 340 966 est.
396 889 560 972 Quatunr
590 877 724 952 deinde
760 873 848 950 itae
879 887 984 950 erant
1017 873 1229 957 columnae,
1272 893 1426 970 quarum
1461 872 1557 950 duae
1590 874 1714 952 adhuc

279 989 489 1092 supersunt,
515 1004 605 1082 quas
625 981 758 1054 iterum
780 974 915 1050 ssmiles
941 973 1126 1073 excipiunt
1147 973 1325 1072 parietes,
1354 971 1529 1072 fimilibus
1551 973 1715 1055 inllructi
1816 987 1823 996 ’
1889 1073 1893 1087 Ι

279 1087 506 1168 animalibus.
567 1083 739 1158 introitus
766 1077 828 1155 hic
857 1075 962 1154 suillo
992 1077 1137 1152 videtur
1170 1074 1283 1152 totius
1301 1073 1485 1174 aedilicii.
1550 1077 1640 1154 lnde
1666 1079 1715 1154 ad

277 1214 429 1270 manum
453 1189 620 1264 dextram
644 1183 778 1258 iterum
805 1202 870 1278 per
889 1177 1000 1257 scalas
1027 1175 1198 1254 ascensus
1222 1177 1273 1254 eli
1297 1179 1342 1254 ad
1364 1178 1560 1254 imundam
1583 1203 1714 1258 monu-

276 1293 394 1386 menti
417 1303 578 1390 partem,
603 1299 689 1362 octo
709 1284 823 1382 pedes
850 1280 958 1378 priori
979 1278 1159 1359 altiorem.
1212 1281 1263 1358 lbi
1290 1279 1487 1358 columnae
1506 1278 1595 1361 sutae
1616 1281 1712 1368 suut,

253 1391 539 1494 -quinquaginta
566 1391 700 1486 pedum
723 1384 935 1488 altitudine,
962 1405 1080 1480 eaque
1110 1379 1280 1466 malitie,
1314 1395 1356 1460 ut
1381 1380 1490 1460 trium
1518 1383 1735 1472 huminum

275 1481 1233 1679 dimidiatistliti'l‘iiitiri
1256 1484 1723 1680 ”luzuliiniili
1767 1501 1771 1510 '

232 1743 236 1758 κ
273 1699 433 1797 figuras,
460 1696 595 1794 pedum
620 1691 776 1766 duorum
801 1699 841 1764 ct
866 1684 1008 1764 dimidii
1031 1685 1246 1769 altitudine,
1273 1699 1353 1761 tum
1374 1686 1592 1764 animalium
1615 1691 1713 1770 inter

275 1803 313 1879 se
332 1799 551 1877 certantium
581 1791 723 1888 effigies
752 1785 884 1866 siliunt.
947 1785 1170 1866 Aedificium
1201 1785 1271 1887 hac
1298 1799 1400 1883 parte
1422 1797 1465 1861 ut
1486 1787 1605 1864 monti
1633 1814 1713 1888 pro.

273 1903 435 1986 trimum.
461 1901 511 1976 ita
536 1909 575 1974 et
590 1893 731 1970 ambitu
753 1891 956 1968 maximum
981 1887 1050 1972 elia
1078 1887 1237 1985 parietes
1256 1887 1386 1964 multis
1399 1886 1711 1991 ¹liguriaiullructi

274 2003 376 2092 sunt,
403 2007 609 2098 interquas
631 2017 758 2092 regem
779 1991 863 2070 sella
887 1990 987 2085 regia
1012 1989 1201 2066 sedentem
1220 2011 1296 2065 non
1322 1989 1481 2084 ignores.
1535 1991 1619 2070 Alia
1642 1995 1712 2072 mi.

274 2103 376 2181 noris
399 2102 597 2178 structurae
616 2095 782 2173 aedilicia
804 2094 893 2170 iude
914 2093 962 2168 ad
985 2093 1216 2170 occidentem
1240 2089 1364 2167 versos
1385 2086 1574 2181 srta'sunt‚
1601 2117 1708 2191 quae.

118 2239 127 2256 ·
272 2225 391 2303 quum
414 2204 547 2278 irenam
575 2199 689 2276 solum
711 2197 844 2280 elatius
869 2209 1070 2288 occupent,
1103 2194 1248 2270 tertiam
1276 2195 1391 2268 totius
1417 2194 1540 2292 operis
1565 2209 1709 2292 partem

275 2301 422 2382 efficere
451 2303 522 2376 dici
553 2299 706 2397 poliunt.
760 2295 988 2375 Remotioric
1015 2296 1109 2370 lraec
1135 2296 1207 2372 elie
1230 2293 1402 2370 videntur
1430 2295 1566 2374 aetatis
1597 2320 1710 2398 quam

275 2418 419 2497 ceteram
435 2387 638 2502 suupmris
662 2419 782 2528 aeque
805 2417 850 2474 ac
872 2393 997 2472 omnia
1023 2396 1161 2496 reliqua
1186 2391 1313 2474 multis
1338 2397 1541 2476 abundant.
1639 2507 1649 2528 ι
1689 2439 1697 2456 ·

377 2592 411 2669 E
437 2583 587 2688 regione
618 2583 729 2660 huius
758 2577 915 2658 aedificii
949 2601 1056 2664 mona
1088 2577 1280 2656 Rachmed
1314 2566 1602 2660 ¹monumentum
1635 2581 1710 2684 spe.

276 2695 450 2772 ctaudum
471 2673 750 2788 praebetquam
770 2684 932 2760 maxime
952 2679 1201 2759 memorabile.
1253 2683 1387 2776 lllagna
1408 2682 1570 2780 lapidum
1590 2687 1708 2762 moles
1834 2709 1839 2725 ·

277 2796 422 2873 mediae
441 2789 518 2868 fere
537 2787 676 2866 montis
697 2785 777 2882 rupi
798 2797 945 2862 exemta
967 2780 1034 2870 est,
1062 2797 1103 2858 ut
1126 2781 1438 2880 perpendicularis
1460 2779 1568 2862 fieret
1588 2777 1707 2883 super·

278 2895 399 2979 ficies,
425 2913 534 2988 quam
556 2889 692 2966 deinde
710 2885 836 2962 multis
858 2883 1048 2982 sculpturis
1072 2883 1249 2982 perpolite
1274 2885 1445 2960 omnibus
1466 2884 1583 2960 iucisrs
1606 2911 1709 2970 orna

277 2996 332 3071 vit
352 2993 493 3068 artifex.
545 2991 678 3064 Totum
704 2985 796 3068 hoc,
830 2985 927 3056 inter
949 2981 1216 3074 Persepolitana
1248 2983 1357 3058 facile
1386 2983 1627 3081 gravisimum
1654 3014 1707 3066 ar·
1862 2989 1869 3010 '

277 3099 329 3174 tis
357 3117 450 3189 opus
474 3087 576 3176 stilic,
612 3111 657 3160 ex
681 3081 857 3163 Clrardini
882 3079 1004 3174 effigie
1027 3081 1169 3164 LXVll.
1195 3079 1318 3158 tabula
1343 3075 1459 3159 nostra
1487 3087 1509 3160 Ι.
1564 3085 1709 3166 Frontis

278 3195 434 3274 latitudo
462 3189 687 3290 septuaginta
712 3198 752 3260 et
773 3185 929 3274 duorum
962 3181 1096 3278 pedum
1124 3179 1192 3268 est,
1225 3185 1378 3259 altitudo
1405 3198 1553 3262 centum
1584 3205 1622 3265 et
1646 3195 1707 3268 tri.
1741 3219 1784 3284 ··

279 3302 393 3395 ginta.
447 3295 575 3372 Simile
592 3311 684 3388 opus
709 3285 893 3386 paululum
917 3283 1004 3361 inde
1023 3281 1212 3360 meridiem
1231 3285 1354 3362 versus
1374 3286 1409 3362 in
1431 3289 1561 3364 endem
1582 3307 1710 3370 monte
1794 3333 1800 3340 ·

279 3399 442 3474 excisum
474 3395 543 3482 ell;
584 3411 705 3486 aquo
732 3387 866 3462 iterum
898 3397 1063 3484 quartam
1103 3385 1216 3460 horae
1245 3388 1525 3484 partemuutat
1558 3395 1707 3474 tertium
1831 3433 1836 3446 ·

279 3501 446 3580 eiusdem
472 3495 619 3596 generis
647 3487 916 3615 anaglyphum,
942 3509 1016 3562 uon
1038 3479 1180 3591 prorsus
1197 3509 1289 3614 uero
1315 3491 1531 3590 perfectum.

481 3783 486 3794 ·
631 3747 677 3826 V.
735 3746 1124 3826 Commentatorum
1160 3743 1360 3846 recensio.

382 3901 680 3998 Peregrinarum
706 3899 784 3976 sere
805 3923 936 3978 omnes
960 3923 1073 4004 quum
1098 3923 1169 3984 nec
1189 3897 1357 3978 historiae
1382 3920 1452 3974 nec
1474 3898 1562 3976 artis
1591 3859 1711 4000 cogni.

283 4011 383 4091 tione
407 4009 512 4104 ualde
534 4001 648 4080 essent
667 4001 803 4086 inbuti,
829 4001 979 4084 minoris
1000 4001 1182 4092 momenti
1204 4001 1362 4078 habendi
1389 3996 1469 4076 sunt
1487 4004 1607 4100 quoad
1629 4006 1713 4081 Per.

56 4147 66 4160 ·
163 4169 169 4180 ·
284 4113 481 4212 sepolitana
516 4105 747 4204 explicanda„
801 4105 937 4181 Eurum
963 4107 1071 4208 igitur
1096 4104 1298 4185 sententias
1321 4101 1482 4177 excludit
1512 4105 1712 4184 haecmea

283 4213 526 4294 enumeratio.
577 4205 730 4304 Reliqua
753 4228 839 4282 vero
860 4206 1064 4302 explicandi
1089 4207 1281 4284 conamina
1309 4204 1359 4280 ita
1387 4204 1550 4290 afferam.
1577 4219 1618 4282 ut
1644 4209 1713 4306 pri.

283 4340 385 4396 nrum
413 4315 461 4388 de
487 4307 641 4388 iis'viris
665 4307 816 4384 eruditis
837 4307 982 4406 loquar,
1009 4312 1070 4409 qui
1093 4311 1152 4385 rel
1173 4311 1209 4384 in
1236 4305 1440 4384 uniuersum
1465 4307 1518 4382 de
1534 4307 1714 4404 Persepoli
1836 4307 1841 4315 “
1947 4293 1953 4304 '

140 4445 144 4456 ·
285 4417 504 4499 sententiam
528 4410 765 4510 protulerint,
789 4410 849 4490 vel
872 4423 1014 4512 partem
1041 4413 1122 4490 eius
1144 4411 1395 4510 explicandam
1419 4407 1483 4490 srbi
1505 4407 1711 4488 sumserint·
1828 4451 1832 4462 ·

1018 4545 1023 4556 ·
1104 4511 1138 4592 B
1165 4531 1189 4596 a
1577 4460 1714 4592 deinde’
