4458 5384
328 521 336 531 ,
484 409 561 536 πῄ
610 439 706 512 Pars
720 435 758 505 t.
776 417 1109 504 Pnnsrac'rcauao
1127 445 1332 503 oucrnanu.
1359 423 1570 512 Securo-lli.
1589 423 1729 522 Maura
1746 429 1907 512 Macrin.

806 543 811 578 l
1274 556 1278 578 r
1615 551 1619 558 -
1676 551 1689 562 .

484 635 584 726 th,
597 635 651 714 'nt
669 619 831 712 ‘calcaret
849 627 972 730 polum
991 625 1036 705 'et
1056 629 1093 704 in
1110 629 1210 707 Solis
1230 629 1344 726 ligura
1366 627 1549 714 resideret
1575 625 1643 704 led·
1657 643 1698 706 ut
1721 609 1910 710 universae

483 759 608 824 terrac
632 740 842 818 dominum,
867 733 966 808 iolla.
989 733 1136 816 ¹fratrem
1171 733 1205 808 ie
1228 733 1445 834 indicareti,
1485 727 1671 816 Lubenter
1701 732 1752 810 ira
1781 732 1911 810 llatue·

480 871 585 934 rem,
617 840 781 938 inprimis
809 859 922 936 quum
958 836 1053 910 titnli
1087 833 1314 928 superbiffimi
1354 827 1456 910 hisce
1487 833 1698 910 nominibus
1726 835 1912 935 appellarit

482 947 689 1034 Salluuidus
713 963 821 1036 reges
841 941 904 1030 a),
934 935 958 1012 si
983 937 1094 1012 modo
1119 937 1255 1030 ligura,
1282 960 1376 1034 quae
1403 938 1452 1012 ita
1478 935 1848 1037 ornaraconlpicnur
1872 939 1912 1014 in
1995 1021 2002 1032 ,

484 1050 606 1128 tabula
632 1042 849 1125 llllalcolmii,
873 1043 991 1114 torius
1013 1041 1209 1138 anaglyphi
1231 1045 1399 1138 princeps
1420 1039 1518 1114 ellat.
1570 1039 1646 1116 Sed
1668 1039 1707 1115 ni
1731 1039 1835 1117 fallor
1860 1040 1911 1122 ine

484 1152 659 1247 figniren,
681 1144 930 1246 pedilieqnum
959 1141 1091 1225 referte
1134 1145 1211 1217 hoc'
1238 1143 1335 1219 enirn
1369 1139 1460 1218 milri
1486 1137 1658 1238 persuasit
1685 1165 1770 1218 cum
1801 1143 1921 1221 huiun

485 1251 618 1350 effigiei
636 1273 720 1326 cum
746 1247 827 1324 aliis
849 1245 1084 1342 comparatio.
1110 1257 1188 1321 turn
1211 1244 1448 1330 muscarium,
1472 1243 1570 1340 quod
1591 1243 1741 1338 quidem
1765 1247 1851 1323 licet
1867 1261 1914 1321 ex

483 1351 656 1458 superiori
677 1366 781 1452 parte
804 1346 958 1424 exeserit
972 1343 1179 1443 tempestas,
1202 1347 1248 1422 ab
1266 1345 1424 1424 inferiori
1441 1359 1567 1446 tamen
1586 1346 1768 1442 agnoscis,
1791 1371 1916 1448 quam.

480 1481 591 1560 quam
628 1454 666 1530 in
707 1445 818 1554 gladii
854 1449 1009 1527 formam
1051 1450 1221 1546 imperite
1259 1449 1346 1526 illud
1381 1444 1525 1526 effinxit
1557 1445 1742 1547 pingentis
1767 1473 1914 1528 manus.

482 1561 579 1652 Quid
603 1554 747 1634 multa?
773 1563 838 1632 a‘ut
863 1551 1000 1632 a'rravit
1021 1551 1156 1654 pictor,
1181 1565 1246 1632 aut
1271 1552 1393 1641 seriori
1418 1563 1586 1650 tempore
1605 1547 1832 1662 accesserunt
1853 1552 1914 1630 illa

483 1671 713 1760 ornamenta.
1584 1685 1588 1692 ’

586 1863 646 1941 De
676 1870 783 1938 antro
813 1851 970 1930 secundo
998 1849 1071 1926 uba
1098 1817 1171 1928 res⁰
1185 1855 1420 1952 memoranda
1445 1857 1564 1936 restat.
1617 1855 1733 1936 Rudis
1756 1853 1915 1932 Bambo-

412 1983 417 1990 '
453 1961 543 2050 unio
568 1963 707 2060 effigies
739 1961 825 2035 licet
853 1955 966 2030 multa
992 1953 1126 2029 habeut
1149 1955 1254 2046 falla,
1289 1959 1357 2033 alia
1387 1971 1519 2041 tamen.
1541 1958 1710 2046 exbibet,
1736 1979 1831 2056 quae
1856 1957 1916 2052 aliq

485 2075 585 2151 uode
604 2069 717 2143 fidem
742 2057 936 2155 accipiunt.
995 2057 1151 2152 Figurae
1174 2057 1313 2136 scilicet
1337 2073 1488 2138 ornatae
1513 2061 1783 2162 conspiciuntur
1801 2060 1918 2140 Salsa.

372 2261 377 2270 ,
484 2177 652 2254 nidarum
679 2165 788 2251 tiara,
827 2181 911 2235 cum
947 2159 1154 2235 inminente
1191 2159 1318 2255 globo,
1359 2163 1494 2238 additis
1521 2164 1610 2252 alis;
1648 2165 1798 2241 alterins
1828 2185 1916 2238 nero

373 2303 378 2309 ·
485 2279 628 2375 figurae
651 2269 741 2346 tiara
762 2261 966 2364 praelixam
1000 2262 1113 2338 habet
1149 2262 1259 2338 lunae
1290 2263 1393 2340 iaicis
1422 2263 1645 2362 symbolum,
1678 2266 1776 2364 qnod
1808 2265 1917 2340 facile

485 2379 687 2476 explicatur
714 2391 778 2468 per
813 2366 1001 2444 Ammiani
1035 2363 1237 2441 Marcellini
1278 2365 1399 2442 locum
1437 2366 1538 2464 supra
1571 2367 1743 2454 allatum,
1774 2365 1811 2442 in
1843 2383 1917 2464 qun

484 2483 560 2583 ipse
583 2479 643 2555 ille
667 2474 793 2570 Sapor,
813 2466 959 2544 titulum
989 2464 1103 2543 habet
1128 2466 1226 2544 lunae
1237 2467 1377 2568 fratris.
1429 2469 1525 2548 nne
1548 2472 1662 2548 tiarae
1684 2468 1831 2546 additae
1856 2489 1917 2543 oc·

483 2595 635 2665 currunt
652 2589 803 2678 'quoque
825 2571 862 2646 io
881 2567 1003 2645 numia
1020 2572 1078 2676 y).

586 2779 696 2874 Quod
721 2779 855 2854 attinet
881 2793 901 2848 a
959 2767 1137 2846 feminam
1168 2767 1266 2848 illam
1298 2727 1456 2858 nodam,
1486 2770 1694 2860 lavantem,
1734 2769 1772 2848 in
1805 2791 1917 2870 qnam

343 2887 354 2894 ’
475 2886 611 2968 'oculos
638 2873 719 2984 figit
740 2889 872 2974 caput,
903 2769 940 2948 ib
973 2873 1145 2971 superiori
1168 2889 1271 2972 parte
1296 2875 1394 2950 tertii
1427 2875 1524 2952 autri
1553 2873 1720 2962 obvium,
1744 2895 1816 2970 quo
1842 2869 1950 2972 quia·

485 2995 571 3070 dem
602 2984 808 3084 anaglypho
838 2975 949 3052 alludi
983 2989 1087 3074 putat
1119 2975 1251 3052 lvelrns
1281 2978 1328 3052 ad
1361 2975 1543 3054 historiam
1567 2976 1720 3052 Davidis
1746 2992 1786 3050 et
1808 2975 1919 3052 Barth.

485 3093 612 3178 sebae,
644 3089 701 3164 De
729 3086 827 3174 Sacy
854 3101 941 3148 nero
974 3077 1124 3146 indicari
1158 3082 1329 3168 opinatur
1357 3100 1503 3150 amores
1534 3078 1683 3150 Cosrois
1711 3089 1751 3150 et
1782 3077 1918 3152 Schiri·
2034 3077 2037 3084 '

486 3218 559 3278 nae
578 3191 650 3283 z)a
674 3191 790 3264 totam
820 3171 1066 3254 narrationem
1092 3185 1134 3248 ut
1156 3171 1482 3258 sabulaur'reiiciut
1515 3197 1602 3252 nam
1625 3191 1781 3270 excepto
1811 3179 1917 3253 Erna.

485 3293 616 3380 nnete,
659 3284 971 3388 peregrinatorum
1003 3271 1125 3352 nullus
1164 3275 1273 3352 huius
1307 3275 1504 3374 anaglyphi
1543 3277 1771 3353 mentionem
1810 3279 1918 3364 feclta

405 3455 409 3470 ι
485 3395 667 3482 Rouffeao
688 3409 780 3472 vern
801 3391 841 3478 u)
863 3375 1039 3456 distinctis
1059 3373 1180 3456 verbis
1200 3377 1306 3468 dicit,
1333 3377 1461 3456 nullibi
1485 3375 1567 3457 eiua
1586 3380 1761 3458 indicium
1785 3381 1918 3464 adelie.

1877 3595 1916 3664 6.

478 3873 482 3886 .
528 3851 566 3930 3)
586 3821 637 3914 cb
656 3849 860 3910 numanus
889 3836 1010 3900 Mane.
1041 3835 1133 3899 xvll.
1164 3845 1235 3916 cs.
1274 3785 1458 3916 naengum
1478 3817 1585 3914 Sapor,
1614 3833 1917 3920 pmmpsfflm,

562 3927 664 4016 finer
684 3919 924 4007 faesulanae.
954 3945 995 3962 -
1036 3917 1207 3980 sanonum
1232 3922 1476 3980 nocturnarum
1500 3922 1579 3982 vlll.
1600 3935 1651 4002 9.;

693 4051 783 4131 „Qui
808 4047 945 4134 (Arsacen
970 4045 1023 4134 le.)
1045 4067 1167 4128 cognata
1189 4045 1259 4112 lieet
1287 4049 1339 4112 fibi
1362 4051 1438 4114 alltc
1460 4051 1592 4132 lingent,

665 4179 667 4185 ,
692 4133 855 4210 ..Phoebea
877 4147 987 4192 tument
1008 4134 1247 4214 propinquitate.
1277 4185 1279 4190 .

691 4213 880 4300 ‚mortalem
901 4215 949 4276 hie
969 4225 1065 4274 tamen
1086 4211 1189 4296 implet
1212 4209 1403 4278 obsecrando.

528 4355 568 4442 gl
592 4347 642 4416 ci.
668 4347 751 4410 numi
779 4343 900 4406 varani·
917 4347 955 4408 tl.
990 4345 1244 4410 cracatonno
1271 4341 1395 4434 exhibiti
1426 4341 1650 4416 (Conantur.
1668 4344 1730 4412 Sor.
1753 4302 1839 4411 Gora
1857 4365 1914 4416 ree.
2005 4370 2014 4390 ·

569 4435 638 4496 vor.
654 4434 692 4492 n.
713 4447 743 4510 p.
764 4441 812 4493 ra.
838 4427 916 4488 rm.
931 4428 974 4506 1.)

476 4533 491 4571 ”
524 4541 564 4626 ι)
588 4539 745 4608 Mennim
758 4531 815 4618 sar
831 4532 944 4620 cn.·p.
959 4545 1034 4618 240-
1314 4531 1346 4609 Ι)
1359 4527 1484 4617 ‘Wlff-
1509 4534 1684 4685 ΜΞΝ·
1701 4549 1771 4624 104·
1795 4553 1825 4624 P·
1841 4549 1914 4620 ³9⁵·
2050 4574 2061 4592 ⁸
