4436 5388
433 423 482 506 98
536 408 633 482 Pass
659 409 700 486 A.
727 387 889 480 Pausiae
919 426 1074 476 assuas
1098 405 1568 499 occrpsunacss.fsccnro
1594 411 1634 484 ll.
1663 415 1845 486 Susianae
1951 489 1957 498 ,

431 611 484 692 tis
501 610 679 710 probant,
712 607 840 705 urbem
868 605 1055 704 quondam
1080 603 1152 680 hoe
1180 603 1392 700 locojfullse
1421 605 1713 686 celeberrimam·
1759 611 1868 698 Dole-

433 709 698 804 rnus‚'rudera
723 735 743 785 a
772 710 1085 810 peregrinatorum
1107 699 1238 792 nullo,¹
1260 731 1330 806 qua
1356 709 1549 786 debuerint
1567 713 1660 786 'cura
1691 711 1885 810 descripta

435 813 519 892 effe.
573 813 767 890 liinneirus
796 813 895 887 euim
922 809 1013 908 ipse,
1057 807 1131 908 poll
1161 810 1330 900 Otternm
1356 811 1393 904 b)
1426 811 1544 887 obiter
1574 825 1716 888 tantum
1746 815 1795 890 de
1824 813 1868 908 iis

433 917 671 1014 loquentem,
705 913 830 1012 potius
857 923 1049 986 enumerat
1072 933 1182 1008 quam
1209 911 1378 988 describit
1397 911 1466 988 loci
1490 917 1749 1008 memorabilia.
1803 917 1870 992 At·
1921 969 1922 976 κ
2198 884 2210 1413 ι

374 1075 379 1086 .
436 1013 605 1094 tentione
629 1013 829 1110 dignill'rrna
856 1013 969 1088 habet
998 1011 1205 1100 castellum,
1232 1013 1417 1101 canalem,
1444 1027 1673 1112 et'pontem.
1727 1015 1871 1094 Callelli

437 1120 548 1208 muri,
574 1119 611 1192 io
633 1135 795 1194 extrema
815 1113 1042 1194 meridionali
1065 1114 1164 1190 urbis
1180 1128 1295 1210 parte,
1312 1137 1462 1211 parvum
1483 1123 1654 1199 'montem
1677 1129 1872 1216 occupant,
1926 1183 1933 1188 .

438 1213 551 1320 qnam
565 1217 764 1304 firmiorem
781 1217 965 1316 quondam
987 1216 1163 1292 reddebat
1182 1217 1355 1294 etaltera
1374 1231 1477 1312 parte
1494 1219 1592 1302 folla,
1618 1220 1791 1296 exaltata
1806 1219 1872 1296 flu·

438 1313 689 1400 oiiisuarum
712 1321 847 1396 Ollium
869 1317 1001 1394 castelli
1018 1319 1221 1394 Romanam
1244 1333 1360 1396 artem
1384 1319 1520 1394 innuite
1549 1321 1657 1396 binos
1673 1336 1872 1414 excavatus
1920 1341 1925 1348 “

437 1421 734 1524 aquaeductuum
766 1435 808 1516 ‚et
833 1420 1081 1518 cuniculorum
1111 1419 1269 1504 ostendit
1298 1423 1440 1498 rudera.
1490 1421 1611 1520 ‚Haud
1638 1423 1761 1518 procul
1787 1425 1874 1500 inde

395 1519 399 1524 ’
440 1521 578 1602 canalis
604 1521 674 1608 est,
710 1546 758 1600 ex
780 1521 960 1619 lapidibus
994 1519 1105 1596 caesis
1135 1521 1326 1618 artificiose
1358 1519 1582 1600 constructus
1606 1536 1645 1597 et
1670 1523 1874 1618 fibulisae·
2210 1578 2214 1597 .

358 1681 386 1726 Χ,
426 1625 524 1726 =treis
546 1636 804 1722 compactus„
825 1623 953 1720 viginti
984 1623 1119 1719 pedum
1153 1623 1345 1700 latitudine
1372 1625 1678 1714 erdnceutarum
1706 1627 1876 1724 ulnarum

315 1749 321 1806 ’.
438 1727 681 1824 longitudine.
741 1723 1203 1800 Enconsrlioexllructns
1237 1723 1909 1828 else·videtnr‚utaquan1suppe·
1983 1745 1984 1750 ’

440 1829 576 1938 ditaret
602 1823 714 1903 roffae
736 1837 775 1902 et
794 1826 985 1920 regionem
1010 1822 1237 1938 fecundaret.
1281 1893 1285 1902 .
1692 1845 1694 1848 ·
1875 1832 1878 1849 ‘

411 2057 443 2092 ··
542 2031 691 2112 Docent
718 2053 811 2131 quae
839 2023 1067 2132 attulimus(
1086 2029 1182 2106 inter
1212 2027 1319 2106 urbes
1346 2025 1514 2128 antiquas
1541 2029 1782 2128 referendam,
1803 2029 1875 2108 elie

441 2129 627 2210 Sclrnller.
687 2135 788 2210 idem
813 2132 963 2210 testatur
986 2133 1167 2212 Abulleda
1193 2133 1237 2223 r).
1292 2131 1513 2208 Herbelotus
1537 2135 1581 2224 d)
1597 2115 1743 2234 ''aliiqne
1758 2127 1888 2228 origi,¹
1924 2179 1928 2182 -

440 2257 529 2311 nem
556 2235 635 2312 eius
667 2233 714 2310 ad
740 2233 1226 2329 Huscbencomreieruut.¹
1259 2232 1470 2322 Secrrndnm
1497 2234 1683 2326 Persarum
1699 2229 1877 2330 testimo·⁸
1978 2329 1988 2336 .

440 2337 545 2410 nium
577 2334 768 2414 aedificata
802 2335 852 2412 est
879 2361 900 2412 a
929 2340 1068 2431 Sapore
1096 2335 1311 2428 Artaxersis
1346 2333 1447 2420 lilio„
1474 2341 1538 2431 qui
1555 2359 1650 2410 earn
1681 2335 1876 2414 Valeriano

391 2479 402 2516 .·
442 2437 589 2533 captivo
622 2445 770 2535 auspice
805 2437 1036 2530 exuramus
1068 2457 1248 2534 eamque,
1273 2458 1346 2533 quo
1374 2437 1446 2522 iam
1482 2437 1683 2532 appellatur
1712 2441 1876 2527 nomine,
1940 2497 1949 2510 .

440 2537 568 2630 dixilse
591 2541 745 2636 traditur
768 2540 811 2640 ρ).
874 2539 1157 2616 Nouebhorret
1188 2539 1258 2612 hoc
1291 2517 1744 2640 averolirnilitate3⁸mps
1773 2537 1874 2615 enirn
1910 2548 1915 2590 ἒ

441 2647 522 2714 erait
542 2639 708 2736 inprimis
727 2639 1016 2724 Salsaoidarnm,
1042 2665 1106 2738 per
1122 2639 1309 2718 Romanos
1330 2652 1369 2715 et
1387 2641 1549 2715 Graecos
1571 2639 1764 2737 praecipue
1788 2639 1876 2717 vero

309 2754 314 2758 “
442 2739 630 2837 captivos,
667 2741 908 2818 monumenta
944 2741 1002 2816 sua
1034 2741 1250 2819 exstruendi.
1310 2737 1438 2836 Sapori
1462 2739 1764 2817 'restaurationem
1800 2757 1877 2819 tan·

300 2887 306 2894 ·
439 2839 521 2918 turn
553 2841 651 2918 urbis
683 2843 809 2919 tribuit
833 2842 1092 2934 Herbelotnsp
1116 2840 1179 2944 qui
1201 2853 1389 2938 praeterea
1411 2843 1532 2931 addit,
1560 2855 1701 2917 mutato
1727 2845 1877 2922 nomine
1932 2917 1935 2927 i

439 2943 564 3044 pbstea
590 2943 896 3024 Klual-Scbobur
919 2946 965 3020 ab
989 2971 1034 3022 eo
1059 2945 1278 3045 appellatam
1302 2941 1416 3021 inille.
1469 2946 1699 3039 Quamquam
1727 2970 1791 3042 per
1818 2971 1876 3022 ru·
1906 2969 1913 2980 “

398 3053 403 3060 ’
439 3045 571 3120 derum
602 3045 865 3138 descriptiones
897 3047 1089 3136 hucusque
1123 3046 1281 3134 prolatas
1312 3059 1412 3115 certe
1438 3041 1530 3116 effici
1551 3061 1725 3140 nequeat,
1755 3060 1874 3126 utrum

442 3143 628 3240 antiquior
667 3141 710 3216 fit
734 3145 879 3240 Sapore·
907 3141 994 3218 urbs
1029 3140 1218 3226 Scbuster,
1255 3161 1325 3216 uec
1360 3163 1428 3221 net
1470 3165 1543 3218 non
1575 3142 1700 3220 dubito
1732 3159 1876 3236 tamen,
1918 3123 1953 3196 ’-

442 3268 558 3346 quum
583 3243 623 3321 et
650 3243 749 3320 fama
773 3242 973 3320 incolarum
1001 3243 1171 3334 accedat,
1207 3253 1246 3316 et
1278 3239 1339 3318 lilii
1367 3243 1519 3322 Haucali
1545 3243 1789 3324 testimonium
1811 3251 1876 3343 s),
1960 3331 1968 3336 ,

429 3360 484 3424 ¹et
504 3347 770 3424 architecturae
795 3345 888 3423 ratio
911 3343 1182 3445 Salsaoidarum
1204 3355 1369 3439 tempora
1396 3367 1550 3444 arguere
1571 3350 1755 3438 videatur,
1787 3354 1876 3447 quin

443 3471 538 3547 quae
561 3447 811 3546 descripfimus
838 3461 1078 3524 monumenta
1107 3471 1153 3522 ex
1176 3442 1342 3522 maxima
1368 3461 1473 3544 parte
1501 3449 1679 3546 Saporem
1713 3449 1875 3528 habeant

443 3562 629 3632 autorem.
668 3549 794 3647 quiin
824 3549 867 3624 iis
895 3547 1118 3625 exstruendis
1142 3547 1319 3624 Romanis
1353 3547 1436 3626 ulus
1465 3551 1567 3643 suilie
1597 3554 1741 3629 videtur
1765 3552 1875 3627 artili-

405 3692 420 3701 ,.
443 3649 567 3739 cibus,
594 3645 696 3753 'quos
721 3647 866 3731 tortario
891 3676 937 3730 ex
960 3649 1143 3733 Valeriani
1167 3649 1329 3728 exercitu
1358 3653 1404 3735 ad
1433 3675 1542 3752 opera
1565 3654 1623 3730 iila
1652 3643 1874 3752 perficienda

449 3754 585 3850 adegit.

1686 3853 1877 3936 CAPUT
1913 3859 1918 3865 ’

485 4036 579 4143 bill·
606 4071 703 4150 rer·

482 4172 512 4249 c)
532 4172 741 4236 biiscurun’s
765 4167 905 4259 Μιχαία
928 4171 979 4244 Ν.
1004 4189 1033 4257 p.
1050 4185 1122 4254 249.
1435 4230 1439 4239 ,

484 4274 523 4352 d)
543 4277 778 4343 o’llsasscnr
800 4279 933 4347 biblioth·
956 4284 1062 4346 oriem.
1084 4277 1105 4346 l.
1126 4279 1157 4345 b.
1176 4297 1205 4346 e.
1228 4279 1300 4358 (iil.
1326 4297 1357 4364 p.
1373 4283 1476 4362 apta.

484 4387 514 4458 e)
535 4388 704 4454 lituustu.
725 4409 754 4472 p.
770 4400 823 4472 ps.
1829 4463 1833 4472 .

475 4489 518 4574 f)
540 4493 611 4556 Erre
633 4497 783 4560 Raucae
805 4515 836 4582 p.
844 4493 900 4578 ⁴1⁶.
941 4490 1059 4559 &nolis
1084 4495 1231 4577 originem
1253 4497 1357 4576 Sapori
1376 4493 1480 4557 tribuit
1500 4487 1576 4556 lilim
1594 4489 1727 4558 Hrueali.
