4458 5384
523 420 615 495 Cer.
640 415 700 493 lli.
749 413 1014 493 Mommsen
1042 433 1091 506 un
1118 433 1246 489 ceusu
1270 413 1567 500 suanensem.
1656 445 1760 522 ¹¹³7

463 689 466 698 .
529 618 562 685 ⁶.
588 617 650 684 Dr
675 581 762 680 arti]
787 615 902 694 horum
921 623 1198 698 monumentorum
1226 613 1336 708 indole
1361 628 1394 678 et
1414 629 1549 684 nature.

267 761 271 788 ι
424 725 574 818 Persae,
598 749 711 826 quum
726 735 918 802 anatomes
936 720 1081 816 regulas
1103 746 1229 820 parurn
1249 736 1436 814 curarent,
1463 727 1563 804 nullo
1586 737 1759 828 tempure

322 823 362 902 in
381 824 565 928 sculpendi
587 845 667 904 arte
690 827 934 904 eminuerunt
986 823 1109 900 Nihilo
1132 823 1248 908 secsuus
1272 841 1398 906 tamen
1419 829 1528 908 relies
1551 830 1632 910 sunt
1655 857 1754 930 pere·

322 929 546 1025 genetores,
582 931 781 1028 figurarum
813 930 873 1006 hic
902 924 1252 1023 repraesentatarum
1288 931 1427 1010 multus
1468 945 1568 1020 tento
1591 932 1753 1032 lingula.

321 1053 405 1108 rum
436 1041 591 1134 partium
621 1038 869 1122 concinnitate
904 1026 1107 1126 exsculptus
1138 1029 1312 1120 inveniri,
1347 1045 1463 1109 utne
1492 1037 1652 1131 optimos
1678 1039 1754 1135 qui.

322 1133 407 1209 dem
436 1139 659 1221 Graecorum
676 1135 986 1239 Romanorumve
1012 1130 1173 1228 artifices
1196 1133 1430 1212 dedecerent.
1481 1137 1588 1222 Quod
1614 1139 1752 1234 praedi·

246 1307 252 1312 .
322 1248 410 1317 cant
441 1241 750 1336 peregrinatum,
786 1257 871 1312 cum
900 1231 1047 1312 inullis
1071 1233 1202 1312 luorum
1225 1247 1549 1316 monumentorum
1581 1242 1752 1335 pertibus,

321 1351 402 1414 turn
423 1340 459 1416 in
483 1341 608 1437 liguris
634 1342 702 1417 illis
724 1337 876 1416 minoris
899 1332 1060 1419 sormae.
1093 1359 1189 1436 quae
1213 1338 1308 1415 antri
1334 1339 1488 1414 maioris
1508 1341 1703 1437 parietibus
1728 1366 1753 1422 a

220 1473 222 1475 ·
319 1439 436 1518 latere
457 1443 610 1519 obiectis
630 1440 881 1530 luctuosum,
901 1438 1090 1515 neminem
1111 1440 1216 1538 fugit.
1268 1439 1633 1542 Pmecipuequoque
1659 1445 1752 1522 haec
1878 1517 1894 1536 x

320 1545 607 1643 artis'pe'rsectio
635 1545 673 1620 in
705 1543 778 1620 illis
805 1541 932 1639 liguris
965 1565 1012 1620 ex
1036 1541 1139 1625 aratrix
1163 1539 1310 1618 maioris
1343 1539 1513 1640 superiori
1538 1545 1660 1626 sronte
1689 1571 1753 1624 ex·

320 1641 419 1731 risus,
459 1647 624 1742 inprimis
655 1647 853 1724 secundum
875 1645 1037 1732 tabulam
1064 1643 1234 1734 oliveri,
1267 1643 1374 1720 obvia
1402 1641 1474 1722 eil.·
1516 1645 1663 1725 Numen
1693 1649 1752 1725 luis

320 1743 448 1840 liguris
470 1747 604 1848 subesse
626 1745 826 1836 Perficum,
854 1747 893 1822 in
914 1743 1219 1846 antecedentibus
1238 1744 1495 1824 demonstrasse
1519 1749 1667 1850 oplncrs
1695 1772 1751 1829 ra·

320 1849 461 1926 donem
490 1871 596 1936 vero,
630 1871 701 1948 qua
734 1849 823 1924 illud
858 1846 900 1922 fit
934 1846 1134 1944 prolatum,
1170 1849 1396 1924 Graecorum
1427 1861 1546 1926 artem
1578 1851 1752 1943 innuere,
1804 1873 1808 1880 ’

321 1949 669 2046 primo'tabularum
701 1970 898 2025 neneurum
926 1959 1080 2044 aspectu
1105 1947 1213 2024 facile
1236 1947 1300 2024 tibi
1326 1948 1567 2051 persuadebis.
1608 1953 1752 2032 'Graci-

258 2140 263 2148 ,
320 2053 367 2130 lis
389 2051 586 2148 figurarum
611 2051 781 2140 habitus,
817 2048 1005 2124 fluitantes
1028 2045 1166 2136 vestes,
1199 2070 1444 2128 mammarum
1467 2051 1751 2148 protuberantia,

321 2153 541 2251 singularum
564 2154 679 2232 totius
696 2153 856 2248 corporis
877 2151 1032 2250 purtlum
1058 2149 1286 2226 concinnitas
1305 2173 1326 2226 a
1349 2151 1535 2231 Persarum
1553 2167 1632 2233 nrte
1651 2179 1753 2256 pror·

321 2255 381 2337 sus
406 2257 541 2348 aliena,
578 2279 652 2332 uno
678 2253 809 2343 verbo,
847 2265 925 2328 tota
955 2271 1016 2326 ars
1049 2251 1086 2326 in
1116 2251 1161 2327 lis
1188 2249 1382 2350 conspicua
1410 2252 1613 2333 sententiae
1644 2281 1753 2340 meae
1820 2283 1826 2290 ·
1869 2287 1871 2291 ·
1960 2254 1961 2265 '

322 2358 436 2436 sudem
462 2360 560 2438 sacit.
613 2357 734 2458 Quum
766 2365 954 2452 praetereo
986 2348 1165 2446 insignem
1193 2353 1364 2430 observes
1390 2353 1521 2434 harum
1551 2356 1751 2452 figurarum

314 2485 408 2552 ‚curn
438 2459 664 2541 Graecorum
687 2455 816 2535 Geniis
833 2453 1139 2541 similitudinem,
1174 2453 1469 2553 persuasissimum
1498 2457 1588 2536 mihi
1620 2461 1751 2555 habeo,

310 2563 470 2654 Persas,
507 2577 549 2638 ut
575 2561 612 2636 in
641 2555 878 2660 multisallis
910 2555 1185 2641 monumentis,
1222 2559 1273 2634 ita
1306 2569 1345 2634 et
1374 2559 1410 2634 in
1443 2560 1502 2636 his
1534 2559 1752 2668 potissumum

312 2664 567 2765 perficiendis,
592 2653 743 2738 Graecis
768 2655 849 2734 usos
867 2655 977 2734 suilse‘
994 2655 1204 2758 artificibus.
1255 2663 1333 2739 lam
1351 2657 1528 2752 facillime
1553 2666 1754 2762 explicatur

323 2769 384 2842 ille
408 2765 537 2844 Persei
561 2761 722 2838 numinis
746 2781 830 2836 cnm
848 2763 992 2838 Graeco
1014 2757 1218 2837 consensus.
1265 2759 1440 2840 Artifices
1459 2767 1591 2842 Graeci
1620 2763 1754 2847 scilicet

323 2869 419 2944 bene
445 2867 622 2956 tenebant
653 2861 853 2950 Geniorum
889 2861 1123 2938 sustend'crum
1154 2863 1354 2946 rationems
1395 2863 1476 2940 iam'
1495 2889 1581 2942 vero
1609 2867 1656 2944 iis
1689 2873 1753 2948 de·

323 2959 564 3048 mandabatur
582 2965 743 3042 numinis
767 2961 920 3040 alicuius
941 2963 1243 3062 repraesentatio,
1274 2969 1378 3042 cuius
1402 2983 1570 3046 naturam
1591 2981 1630 3046 et
1650 2973 1752 3048 indo.

321 3073 536 3170 lemquum
562 3068 660 3166 hapd
685 3066 908 3162 perspectam
939 3067 1139 3150 haberent,
1167 3061 1320 3142 similem
1348 3089 1541 3145 ueroeam
1567 3074 1689 3150 multis
1714 3077 1755 3152 ln
1879 3159 1883 3164 ,
1947 3125 1953 3130 -

229 3225 235 3232 -
322 3175 443 3251 rebus.
462 3169 787 3268 deprehenderent
811 3169 1035 3240 Graecorum
1058 3165 1218 3252 Geniis,
1247 3168 1293 3240 ad
1319 3165 1450 3244 horum
1481 3169 1752 3254 fimilitudlnenu

306 3277 439 3353 -multa
468 3271 626 3348 exsecuti
659 3267 759 3354 sunt,
794 3265 882 3340 dum
912 3265 1009 3340 aliud
1045 3264 1314 3369 plane'numen
1339 3292 1386 3344 ex
1408 3271 1594 3348 Persarum
1619 3275 1763 3354 inuitur

325 3382 428 3472 tione¹
449 3371 681 3472 effingebant.
736 3369 857 3456 Quum
872 3387 959 3441 vero
978 3365 1092 3441 multe
1112 3383 1316 3455 occurrant,
1338 3375 1469 3450 tamin
1489 3375 1546 3450 luis
1561 3373 1642 3473 ipsus
1662 3377 1751 3474 figo.

327 3482 389 3569 ris,
413 3501 522 3576 quam
546 3478 583 3548 in
608 3469 755 3567 reliquis
783 3482 1107 3544 monumentorum
1134 3471 1306 3568 partibus,
1339 3495 1433 3568 quae
1457 3499 1574 3574 aeque
1602 3479 1647 3558 ab
1672 3495 1756 3561 arte
1874 3490 1880 3498 .

327 3601 439 3680 atque
457 3605 482 3656 o
513 3573 738 3673 mythologie
764 3571 988 3648 Graecorum
1013 3569 1162 3666 prorsus
1190 3569 1402 3661 abhorrent,
1432 3599 1600 3680 quaeque
1624 3597 1750 3677 aperte

189 3709 199 3718 '
327 3685 453 3766 Persas
483 3681 659 3780 produnt,
689 3689 732 3750 ut
755 3697 787 3748 e.
812 3697 842 3749 c.
866 3671 1039 3748 attributa
1066 3667 1283 3772 figurarum,
1315 3676 1491 3768 annulus,
1528 3681 1636 3756 lunae
1665 3683 1751 3776 salx.
1803 3743 1804 3748 Ν
1855 3697 1859 3708 ’

169 3801 181 3818 “
317 3789 488 3885 ‚aliaque3
514 3801 700 3882 quumque
727 3773 801 3875 pari
827 3768 938 3851 modo
963 3797 1158 3876 permagna
1180 3776 1237 3854 illa
1265 3775 1441 3862 serarum.
1458 3781 1664 3878 'parietibus
1687 3811 1752 3866 aa.

327 3897 375 3969 tri
401 3887 547 3966 maioris
576 3883 764 3958 incisarum
794 3881 897 3977 copia
920 3875 1125 3954 orientales
1146 3879 1294 3968 innuat,
1320 3895 1487 3960 naturam
1508 3901 1551 3964 et
1576 3885 1754 3967 verollrni·
1822 3877 1825 3888 ’

328 3993 468 4070 litatem
492 3989 528 4064 in
553 3989 640 4064 artis
660 3979 830 4080 operibns
854 3979 977 4078 procul
1000 3980 1199 4057 habentes:
1226 3983 1516 4062 commistionem
1544 4013 1613 4084 ego
1636 3992 1671 4066 in
1696 3993 1753 4068 his
1889 3987 1892 3998 ’

327 4094 411 4193 ipss
441 4089 689 4166 monumentis
718 4085 826 4160 rideo
855 4086 1077 4161 Graecorum
1104 4083 1192 4160 artis
1223 4097 1261 4161 et
1290 4085 1427 4185 ingenii
1455 4111 1539 4166 cum
1566 4093 1756 4174 Persarum

326 4194 461 4278 indole.
499 4189 644 4269 ‘Graeci
670 4185 804 4264 scilicet
826 4186 1003 4274 artifices,
1032 4201 1203 4280 utputo,
1229 4189 1275 4287 ad
1294 4187 1478 4267 Persarum
1503 4193 1758 4290 praecepre'et

329 4296 505 4382 formulas
538 4293 630 4382 hoec
646 4301 897 4368 monumenta
922 4287 1082 4365 exsecuti
1105 4289 1204 4370 sumt
1240 4311 1354 4385 quare
1378 4293 1420 4370 fit
1444 4307 1504 4382 ut.
1530 4291 1758 4386 significatio.
1897 4351 1903 4364 .

330 4427 416 4484 nem
452 4397 477 4474 su
518 4394 660 4496 spectes
694 4389 896 4490 effiglerum
931 4389 1074 4468 illarum
1108 4390 1372 4483 seminecum,
1417 4397 1622 4478 orientales
1656 4401 1758 4481 haud
1835 4455 1836 4458 a
1912 4445 1916 4452 ,

1187 4493 1215 4574 S
1437 4537 1446 4588 ·.
1601 4503 1763 4602 ignores,
