4334 5384
542 475 632 550 Car.
654 475 680 546 l.
697 471 933 559 franciotto,
959 487 1087 544 vuceo
1115 467 1444 545 Tecum-Murra.
1484 557 1491 570 ι
1654 495 1702 550 11

273 693 414 786 perlem
446 621 616 780 praebet,
656 685 734 769 qua·
759 619 917 770 priorum
950 667 1067 750 oculis
1099 617 1319 744 adiiciuntur
1340 667 1428 744 duo
1456 664 1632 766 parietes,
1667 669 1707 752 in

273 807 427 884 quorum
455 795 611 882 utroque
643 771 810 872 animalis
838 771 1028 847 cuiusdam
1063 769 1212 846 fabulosi
1247 770 1361 869 ligura
1395 769 1555 850 coloffica
1588 769 1707 852 excita
1845 763 1854 782 '

145 953 148 959 .
273 891 333 966 alt.
388 889 553 971 Quatuor
582 877 717 952 deiude
753 871 841 950 sitae
871 886 977 969 erant
1009 872 1222 957 columnae,
1264 895 1418 970 quarum
1453 873 1549 950 duaa
1582 875 1706 953 adhuc

272 987 481 1090 supersunt,
507 1004 598 1082 quas
618 979 751 1053 iterum
773 973 907 1050 similes
933 979 1119 1072 excipiunt
1140 973 1317 1072 parietes,
1346 971 1521 1072 similibus
1544 973 1707 1057 inllructi
1810 989 1815 997 '
1882 1073 1885 1088 Ι

271 1087 498 1166 animalibus.
559 1083 732 1158 introitus
758 1077 820 1154 hic
850 1073 954 1152 suilla
985 1076 1130 1151 videtur
1162 1073 1275 1152 totius
1293 1074 1478 1176 ¹aedilicii.
1542 1078 1633 1154 lnde
1658 1079 1707 1156 ad

270 1212 421 1268 manum
445 1188 613 1262 dextram
631 1183 770 1258 ‘iterum
798 1202 862 1278 per
882 1177 993 1254 scalae
1019 1176 1191 1253 ascensus
1214 1177 1266 1254 est
1289 1179 1335 1254 ad
1356 1178 1553 1254 secundam
1576 1203 1707 1260 mortu.

268 1292 387 1385 menti
409 1301 570 1388 partem,
595 1299 681 1360 octo
702 1283 815 1381 pedes
842 1279 951 1378 priori
972 1278 1152 1359 altiorem.
1205 1281 1255 1358 lbi
1282 1280 1480 1359 columnae
1499 1279 1588 1362 fitne
1609 1281 1705 1370 suut,

245 1389 531 1492 -quiuquaginta
558 1389 693 1484 pedum
715 1384 928 1486 altitudine,
954 1405 1072 1480 eaque
1103 1379 1272 1466 crallrtie,
1306 1395 1357 1460 ut
1373 1381 1483 1460 trium
1511 1384 1705 1466 hominnm

267 1481 1225 1679 ullulltlltll,llllltllllitill
1248 1484 1716 1680 ''tlt'‘,l‘tinilli
1760 1501 1763 1509 ‘

224 1743 227 1756 ν
266 1697 425 1795 figuras,
452 1695 588 1793 pedum
612 1691 769 1766 duorum
794 1697 833 1764 et
858 1684 1000 1764 dimidii
1023 1685 1238 1769 altitudine,
1265 1699 1345 1760 turn
1367 1686 1584 1764 animalium
1608 1690 1705 1770 inter

267 1802 305 1877 le
324 1797 543 1876 certantium
573 1791 715 1888 effigies
744 1786 876 1866 listunt.
939 1785 1163 1865 Aedificium
1193 1787 1263 1887 hac
1290 1799 1393 1883 parte
1414 1797 1458 1862 ut
1478 1785 1598 1867 monti
1625 1813 1706 1889 pro,

265 1901 427 1985 uriarum,
453 1901 504 1974 ita
528 1907 567 1972 et
583 1893 723 1970 ambitu
745 1891 948 1968 maximum
973 1886 1042 1972 esta
1071 1887 1229 1985 parietes
1249 1887 1378 1964 multis
1391 1887 1703 1989 ⁸ligurisinllructi

266 2003 368 2090 sunt,
395 2007 602 2098 interquas
624 2017 750 2090 regem
771 1991 855 2070 sella
879 1990 979 2085 regia
1005 1987 1193 2067 sedentem
1212 2012 1288 2066 nou
1313 1990 1473 2084 ignores.
1527 1991 1611 2069 Alia
1634 1997 1704 2072 ml·

266 2101 369 2180 noris
391 2101 589 2176 structurae
608 2095 774 2172 aedilicia
796 2093 885 2169 inde
906 2093 954 2168 ad
977 2093 1209 2170 occidentem
1233 2090 1356 2168 verius
1376 2085 1566 2182 ura·iunt‚
1593 2117 1700 2192 quaa,

103 2237 113 2254 ·
265 2223 383 2301 quum
406 2203 539 2278 iterum
567 2197 681 2273 solum
704 2196 836 2277 elatius
860 2209 1062 2288 occupent,
1095 2193 1240 2270 tertiam
1268 2195 1383 2270 totius
1409 2195 1701 2293 opetls'partem

267 2299 414 2380 efficere
443 2301 514 2375 dici
545 2299 698 2396 poliunt.
753 2294 980 2375 Remotinris
1007 2296 1101 2370 haec
1128 2295 1200 2374 elie
1222 2293 1394 2370 videntur
1422 2295 1558 2374 aetatis
1589 2321 1702 2400 quam

267 2417 411 2495 cerem
427 2387 631 2501 temptaris
655 2417 774 2526 aeque
797 2415 842 2472 ac
864 2392 989 2472 omnia
1015 2395 1154 2496 reliqua
1179 2390 1305 2474 multis
1330 2396 1533 2476 abundant,
1631 2505 1641 2528 ὁ
1680 2439 1689 2456 .

366 2548 403 2666 εΕ
429 2582 579 2687 regione
610 2577 729 2659 huius*
750 2577 907 2658 aedificii
941 2599 1049 2659 mous
1081 2575 1273 2657 Rachmed
1307 2565 1594 2660 'monumentum
1627 2581 1702 2682 ipe.

268 2693 441 2770 claudum
463 2673 613 2786 praebet
632 2705 742 2781 quam
762 2683 924 2760 maxime
944 2679 1193 2759 memorabile.
1246 2681 1379 2776 Magna
1400 2681 1563 2778 lapidum
1581 2687 1700 2762 moles
1826 2709 1830 2717 ·
1873 2751 1879 2770 ,

269 2794 414 2870 mediae
433 2787 510 2866 fere
529 2787 668 2866 montis
689 2783 769 2880 rupi
790 2796 937 2861 exemia
959 2779 1027 2870 est,
1054 2797 1095 2868 ut
1118 2781 1430 2880 perpendicularis
1452 2779 1559 2862 fieret
1580 2777 1699 2884 super·
1831 2811 1835 2818 ¹

269 2893 391 2978 ficies,
417 2911 526 2986 quam
548 2889 683 2975 deinde
702 2885 828 2962 multis
851 2883 1040 2982 sculpturis
1064 2883 1241 2984 perpolite
1266 2885 1437 2960 omnibus
1458 2885 1575 2960 incisis
1598 2911 1700 2972 orna,

268 2995 323 3070 vit
343 2991 485 3068 artilex.
537 2989 670 3062 Totum
697 2983 788 3068 hoc,
822 2983 919 3056 inter
941 2981 1208 3074 Persepolitana
1241 2983 1348 3058 facile
1378 2983 1619 3080 gravissimum
1646 3014 1699 3066 ar·
1854 2989 1861 3010 ”

269 3099 321 3172 tis
349 3117 442 3188 opus
466 3087 568 3176 stilic,
604 3109 649 3160 ex
673 3081 849 3162 Clrardini
874 3079 996 3174 effigie
1019 3081 1160 3164 LXVll,
1187 3079 1310 3158 tabula
1335 3075 1451 3158 nollra
1479 3087 1501 3160 l.
1555 3087 1701 3167 Frontis

270 3195 426 3274 latitudo
454 3189 679 3288 septuaginta
704 3198 744 3260 εἰ
766 3183 921 3272 duorum
954 3181 1088 3278 pedum
1116 3179 1184 3267 est,
1217 3184 1370 3258 altitudo
1397 3198 1545 3262 centurn
1576 3205 1614 3265 et
1638 3195 1698 3268 tri·
1733 3219 1775 3284 ·,

271 3301 386 3394 ginta.
439 3295 567 3372 Simile
584 3309 676 3388 opus
701 3285 886 3385 paululum
909 3283 996 3362 inde
1015 3281 1204 3360 meridiem
1224 3285 1346 3362 versus
1366 3285 1401 3362 in
1423 3289 1553 3364 eodem
1574 3305 1701 3370 monte
1763 3360 1768 3371 ,
1888 3339 1893 3356 ,

271 3397 433 3474 excisum
466 3395 535 3482 ell;
576 3411 697 3486 aquo
724 3387 858 3462 iterum
890 3397 1055 3484 quartam
1095 3385 1208 3460 horae
1237 3388 1517 3484 partem,‚dillat
1549 3395 1698 3474 tertium
1823 3433 1828 3444 ·

271 3500 438 3578 eiusdem
464 3495 611 3594 generis
639 3487 908 3590 anaglyphum,
933 3509 1008 3562 non
1030 3479 1171 3591 prorsus
1188 3509 1281 3567 ,vero
1306 3490 1522 3590 perfectum.

563 3711 565 3714 Ι
622 3746 668 3826 V.
727 3745 1116 3826 Commentariorum
1151 3743 1352 3846 recensio.

374 3901 671 3998 Peregrinatoree
697 3899 775 3976 iera
796 3923 928 3976 omnes
951 3923 1065 4002 quum
1089 3923 1160 3982 uec
1181 3897 1349 3978 historiae
1373 3919 1444 3973 nec
1466 3898 1554 3976 artis
1583 3859 1702 4000 cogni.

274 4011 375 4089 tione
399 4008 504 4102 rplde
526 4001 640 4078 ellent
658 4001 795 4086 inbuti,
821 4001 971 4082 minutia
992 3999 1174 4092 momenti
1195 4000 1354 4078 habendi
1380 3997 1460 4076 lunt
1479 4003 1599 4102 quoad
1621 4005 1704 4081 Per.

35 4149 46 4162 ·
152 4167 161 4178 .
276 4111 472 4209 [apolitana
508 4104 739 4202 explicanda„
793 4105 929 4180 Eorum
955 4106 1064 4206 igitur
1088 4103 1289 4182 sententias
1313 4101 1473 4178 excludit
1503 4105 1704 4184 haec'mea

275 4211 518 4291 enunieratio.
569 4206 721 4302 Reliqua
744 4227 830 4282 vero
851 4206 1055 4302 explicandi
1080 4206 1273 4284 conamina
1301 4204 1351 4280 ita
1379 4205 1542 4292 afferam,
1568 4219 1610 4281 ut
1636 4209 1705 4308 pri.

274 4337 377 4394 mum
406 4313 454 4387 de
478 4307 633 4386 iis'vltis
657 4307 807 4382 eruditis
829 4307 973 4406 loquar,
1000 4310 1061 4408 qui
1084 4309 1143 4385 vel
1165 4311 1200 4384 in
1228 4306 1431 4383 universum
1456 4308 1509 4382 de
1525 4305 1705 4405 Persepoli
1829 4312 1833 4319 “
1938 4293 1944 4306 ’

127 4443 132 4456 ·
276 4413 496 4497 sententiam
520 4409 756 4510 protulerint,
780 4409 840 4490 vel
863 4421 1005 4510 partem
1033 4412 1114 4490 eius
1135 4411 1388 4512 explicandam
1412 4407 1475 4488 sibi
1497 4407 1705 4496 inalienare
1819 4451 1823 4464 ·
1915 4408 1918 4416 ’

1010 4545 1015 4558 ·
1096 4511 1130 4592 Β
1156 4531 1180 4596 2
1568 4511 1704 4594 deinde
