4436 5388
409 497 418 508 .
450 437 523 505 ¹22
551 416 671 498 'Pata
690 419 729 498 t.
746 417 906 494 secatae
925 437 1078 488 cernae
1095 417 1302 518 oc'eroerrn.
1329 416 1469 492 Securo
1483 419 1542 524 Ill.
1566 419 1697 499 Menae
1713 421 1877 496 Menan.
1972 483 1991 494 ,

411 671 414 678 -
453 614 651 702 effunditur
673 617 770 716 rupi,
790 629 949 696 antrum
978 627 1011 690 e¹
1030 571 1115 690 saxo
1146 613 1305 692 excisum
1329 614 1400 704 est,
1433 618 1538 694 culus
1567 588 1698 696 indicia
1724 631 1763 694 et
1783 573 1900 696 nuum

451 721 648 823 supersunt.
701 723 867 820 itemque
899 723 937 796 in
966 731 1130 794 extrema
1162 719 1297 794 rnontis
1323 735 1445 818 parte,
1472 719 1532 796 sex
1556 721 1770 817 parasangas
1797 721 1883 798 inde

288 829 293 836 '
398 861 407 881 ⁴
454 829 500 904 ab
523 827 594 900 hoc
615 825 724 908 loco,¹
740 813 838 900 aliud
857 820 1030 897 conclave
1049 819 1252 907 invenitur,
1279 822 1396 898 rnulto
1421 823 1573 898 minoris
1594 825 1753 908 formae,
1781 821 1885 920 super

453 928 596 1005 duobus
619 924 795 1002 sontibus.
848 923 1064 1020 Appellatur
1093 921 1167 996 sosa
1187 921 1426 1000 Schebdizae.
1480 926 1649 1012 Cosroln,
1683 923 1887 1012 Schirinae‚
1923 963 1930 970 ·
2007 983 2014 992 .

182 1027 185 1041 '
284 1111 287 1124 ,
372 1113 379 1119 ,
417 1024 419 1033 ’
458 1027 639 1112 Rullarni,
666 1025 873 1104 lafendiatis
898 1022 1286 1124 aliorumquefigurae
1306 1027 1467 1114 maaima
1489 1042 1569 1106 arte
1593 1027 1630 1127 b)
1658 1028 1798 1108 excisae
1825 1027 1886 1107 hic

457 1132 732 1212 inveniunturr’
1349 1171 1356 1178 ·

556 1281 652 1360 Cum
676 1277 733 1354 his
755 1270 1004 1359 instoricorum
1029 1275 1246 1354 testimoniis
1273 1251 1446 1356 convenit
1466 1275 1667 1368 incolarum
1691 1280 1738 1358 de
1758 1301 1888 1356 moou-

456 1379 747 1462 nrentis'nollria
768 1382 875 1458 sarna.
935 1382 1124 1458 Ferhadus
1146 1380 1173 1455 ¹s
1189 1381 1305 1472 ilicet,
1338 1395 1379 1458 ut
1404 1393 1568 1487 narrant,
1602 1409 1645 1460 ea
1676 1385 1801 1476 exegit
1824 1406 1887 1457 au·

456 1481 921 1688 gtpggriscssroeflbruizm
943 1407 1315 1606 anaglypha'Qligies
1338 1485 1419 1564 sunt
1438 1485 1611 1582 Cosrois,
1633 1487 1823 1566 Schirioae
1848 1498 1887 1560 et

562 1781 758 1888 Quaeritur
780 1780 853 1874 iam
876 1807 972 1884 quae
992 1785 1084 1864 fides
1102 1789 1271 1867 omnibus
1294 1788 1354 1866 his
1375 1789 1580 1871 debeatur?
1633 1787 1741 1877 Quod
1764 1787 1811 1865 ad
1834 1789 1906 1863 ins

458 1887 620 1970 colatum
637 1887 773 1988 sumum
797 1885 951 1978 attinet,
976 1905 1017 1967 ut
1038 1891 1084 1968 ab
1103 1893 1172 1968 liae
1189 1893 1426 1988 incipiamus,
1453 1902 1534 1969 eani
1556 1891 1602 1968 ab
1621 1892 1765 1968 causam
1788 1890 1888 1966 haud

458 1993 601 2094 prorsus
616 1989 810 2068 relicienda
826 1989 980 2079 videtur,
1006 1993 1104 2088 quod
1121 2019 1167 2070 ex
1184 2017 1225 2068 ea
1243 1993 1510 2090 Sallanidarum
1528 1997 1659 2091 aliquis
1673 2015 1889 2068 monumen·

459 2113 581 2172 torum
598 2108 704 2168 autor
727 2091 902 2181 habetur3
927 2091 990 2168 nist
1006 2099 1103 2170 enim
1123 2094 1288 2171 historico
1307 2099 1463 2194 quodam
1487 2097 1727 2172 fundamento
1744 2095 1900 2188 fulcireq
1936 2135 1941 2140 ·

457 2211 519 2274 tur
541 2201 632 2272 haec
655 2193 765 2282 sama,
779 2193 897 2292 'elque
920 2195 1057 2293 aliquid
1078 2197 1202 2274 saltem
1224 2195 1300 2272 veti
1324 2195 1494 2288 subeffet,
1518 2201 1638 2295 potius
1659 2199 1703 2274 ad
1727 2195 1900 2294 sabulosa}

405 2361 407 2370 Α
457 2314 643 2398 tempora,
677 2309 721 2370 ut
744 2311 852 2372 acute
881 2295 991 2374 habet
1020 2301 1067 2373 de
1094 2301 1236 2394 Sacyus
1264 2301 1327 2388 d),
1352 2303 1403 2375 'ea
1433 2301 1888 2394 retulissenneorumque
1962 2357 1967 2366 .

412 2481 416 2490 ,
458 2401 657 2496 uliginem,
684 2411 726 2472 ut
747 2397 784 2470 in
808 2385 978 2472 omnibus
1001 2397 1079 2474 fere
1103 2404 1235 2476 ceteris
1256 2413 1507 2503 monumentis
1532 2399 1709 2498 antiquis,
1735 2397 1887 2476 Scirem·

457 2503 590 2590 schidl,
622 2499 810 2596 Gullaspi,
834 2499 1031 2576 lssendlari
1064 2503 1217 2600 aliisque
1250 2501 1459 2586 tribuissent.
1491 2540 1541 2556 -
1594 2503 1700 2589 Quod
1730 2501 1889 2600 pertinet

459 2607 504 2682 ad
529 2603 717 2702 historicos,
755 2578 888 2696 peliimi
921 2601 1019 2680 foret
1041 2605 1174 2692 critici,
1199 2603 1370 2680 omnibus
1394 2627 1488 2702 quae
1512 2605 1563 2679 illi
1586 2605 1633 2679 de
1657 2601 1785 2678 nostris
1811 2625 1889 2678 rno-
1917 2651 1920 2658 s

461 2707 649 2784 eumenus
670 2703 853 2790 reserunt,
881 2703 991 2780 fidem
1015 2705 1169 2798 habere3
1193 2699 1395 2782 inconsulte
1415 2720 1539 2782 tamen
1561 2717 1703 2802 ageret,
1732 2705 1792 2802 qui
1814 2727 1889 2780 orn·
2020 2719 2023 2730 '

460 2808 521 2886 nia
546 2809 603 2882 illa
627 2831 691 2907 pro
714 2795 881 2880 sabulosa
902 2817 940 2882 et
963 2808 1197 2897 reiectanels,
1224 2807 1353 2908 quibus
1380 2807 1642 2883 nihilomnino
1672 2808 1747 2882 ueri
1772 2803 1890 2896 sublit,

355 2959 359 2966 -
460 2909 625 2986 heberet.
684 2909 1073 2987 Monumenranostm
1097 2937 1177 2988 non
1210 2913 1358 2986 suerunt
1394 2909 1518 3000 causa,
1553 2935 1599 2985 ex
1630 2933 1701 3006 qua
1731 2911 1890 3004 primunt

418 3083 425 3090 .
461 3011 640 3102 originem
665 3009 847 3082 duxerunt
875 3034 994 3104 nugae
1016 3013 1117 3092 illae,
1144 3015 1312 3084 excultae
1334 3025 1475 3084 tanturn
1504 3027 1542 3085 et
1568 3009 1783 3088 efformatae
1808 3009 1891 3085 suut-
2023 3081 2033 3098 ,

351 3114 355 3122 ’
462 3133 528 3210 pet
552 3133 606 3186 ea.
659 3109 716 3183 De
741 3106 897 3190 Cosroe,
925 3105 1167 3198 potentiffimo
1194 3131 1216 3182 e
1239 3107 1342 3204 llirpe
1365 3107 1631 3184 Salianidarum
1658 3133 1764 3202 rege,
1803 3113 1889 3185 Per·

461 3213 578 3290 saturn
602 3209 752 3286 annales
774 3207 887 3284 multu
914 3207 1023 3314 sortia
1053 3221 1091 3284 et
1115 3210 1294 3304 praeclara
1320 3211 1544 3294 referebant,
1577 3233 1670 3307 quae
1692 3233 1779 3284 veto
1803 3233 1888 3288 cum

356 3383 360 3388 .
421 3309 870 3414 vperipsoslrilloricos,
897 3321 974 3384 turn
999 3312 1221 3406 perseniam
1246 3312 1343 3386 illam
1368 3313 1514 3386 morin
1542 3309 1745 3387 inmensum
1772 3327 1810 3388 et
1835 3311 1888 3387 fa·
2000 3393 2006 3400 ,

381 3475 391 3494 .
446 3417 567 3515 ¹bulen
593 3413 773 3489 abierunt.
831 3411 1122 3507 Amplificandae
1154 3413 1230 3490 urbi
1265 3413 1542 3500 llirmanschalr,
1572 3416 1888 3510 exornandaeque

461 3519 541 3594 eius
570 3515 728 3610 regioni,
763 3513 853 3589 telle
885 3515 1099 3599 Hamdulla,
1132 3515 1205 3610 ipse
1237 3515 1396 3590 Cosroes
1427 3539 1549 3590 curam
1584 3516 1760 3612 inpendit.
1821 3520 1889 3594 Se·

405 3649 408 3657 ·
460 3621 574 3698 riores
607 3618 813 3712 scriptores,
842 3617 914 3692 hoc
939 3617 974 3692 in
1002 3618 1206 3715 uniuersum
1236 3616 1330 3692 bene
1354 3619 1529 3692 memoria
1562 3629 1749 3704 tenentes,
1782 3641 1888 3693 acto·

303 3730 307 3742 '
376 3766 380 3790 ι
460 3738 536 3797 cata
561 3745 649 3796 uero
673 3717 840 3794 historiae
873 3719 1084 3813 cognitione
1118 3741 1243 3819 parum
1267 3720 1404 3802 inbuti,
1431 3721 1477 3794 ad
1507 3717 1818 3794 celebratissimum
1847 3720 1888 3794 il·
1960 3737 1965 3746 '

458 3825 545 3904 lum,
558 3821 824 3900 Salsanidarum
847 3843 973 3918 regem
988 3822 1192 3902 tetulerunt
1208 3846 1303 3923 quae
1326 3839 1543 3919 peregerant
1559 3823 1597 3910 ii,
1618 3833 1771 3922 'quorum
1791 3823 1887 3898 sacta

1186 3964 1192 3976 ·
1629 3957 1634 3966 ·
1765 3947 1888 4001 munus

502 4124 538 4204 b)
560 4071 635 4186 dirae
659 4094 725 4182 aaut
749 4121 835 4182 ism
856 4141 884 4184 rt
904 4075 1012 4190 viriet,
1039 4125 1129 4206 qe’orr
1154 4145 1174 4212 y
1199 4129 1260 4188 uuit
1282 4124 1444 4208 jusqu'erra·
1469 4123 1547 4185 rlout
1573 4125 1619 4187 der
1642 4123 1752 4196 sones,
1777 4145 1804 4188 et
1820 4126 1886 4206 jus·
1952 4103 1955 4112 Δ

502 4331 507 4340 ,
540 4199 788 4360 ,qnuo'ipzaepfisrnsse
810 4203 920 4287 s'troffe
947 4207 982 4268 da
1003 4203 1067 4287 fiale
1087 4206 1284 4289 quisita&
1308 4206 1398 4286 stouffr
1419 4229 1464 4330 ¹litt
1488 4205 1603 4282 thevas,
1632 4223 1675 4268 DE
1705 4212 1796 4270 Silet
1823 4209 1883 4270 Mt·

500 4394 532 4469 e)
554 4393 681 4452 Ocrea
701 4393 723 4452 l.
745 4397 863 4468 pulis.
906 4395 1166 4456 incuterentur
1187 4412 1218 4477 p.
1235 4401 1285 4472 pu.
1304 4389 1437 4478 ssrgafin
1458 4391 1602 4488 encyclop.
1630 4411 1698 4490 ror.
1723 4411 1749 4476 p.
1764 4400 1835 4470 339.

503 4495 538 4580 δ)
560 4498 714 4562 Minoem
728 4497 784 4580 ser
807 4497 871 4564 div.
892 4518 923 4585 p.
940 4513 1014 4578 235,
