4436 5388
458 443 535 534 1'2'4
583 421 679 512 tneo
692 437 732 511 Δ.
758 433 920 508 Pensrne
937 451 1092 505 carran
1108 447 1314 514 oecroe‘rrr.
1341 435 1481 512 Socero
1498 440 1558 514 itt·
1574 439 1904 514 Mnnrn.Mao‘rra‘.‘

426 699 432 706 .
459 659 591 714 manus
623 633 748 712 versus
776 632 952 712 Cosroem
979 631 1259 730 protenderent,
1285 633 1411 712 nullibi
1433 635 1563 716 obviae
1584 637 1688 727 sont,
1715 636 1779 714 nist
1805 639 1894 719 aiio·

458 740 548 814 dere
578 739 668 814 neiis
693 735 907 813 caninium
933 736 983 810 ad
1011 735 1146 829 figuras
1168 737 1204 810 in
1232 740 1430 832 parietibus
1454 763 1476 814 a
1502 740 1617 816 latero
1649 742 1804 818 obtectis
1833 743 1894 819 ob·

393 851 395 856 '
459 839 539 936 tries
560 841 603 931 e).
645 841 779 916 ¹Homo
811 839 889 921 ilie,
915 841 978 933 qui
1005 837 1137 914 eodem
1162 839 1324 931 Cazvioo
1347 839 1458 928 teste,
1490 843 1608 940 palam
1637 865 1756 918 manu
1777 855 1893 928 tenet·

460 943 737 1040 iamnusquam
761 939 987 1034 conspicitur.
1039 937 1257 1014 Tenendum
1283 943 1560 1035 praeteream,
1592 944 1808 1034 Caeninum,
1835 945 1895 1022 vei

441 1067 529 1120 ‘eos
548 1067 641 1142 qnos
666 1042 824 1139 sequitur
836 1041 905 1138 s),
931 1039 1189 1144 necnprdinem
1215 1041 1253 1116 in
1275 1043 1345 1116 hac
1365 1042 1606 1141 descriptione
1629 1047 1799 1130 tenuisse,
1825 1071 1896 1124 nec

447 1145 609 1232 ,veritati
640 1145 796 1219 multum
829 1136 1014 1227 studuisse,
1049 1140 1110 1216 sed
1137 1141 1330 1230 addidisse,
1367 1144 1547 1222 disiuncta
1582 1147 1823 1234 coniunxisse,
1859 1161 1898 1228 et
1950 1163 1953 1168 ’

462 1249 633 1332 omnioor'
670 1259 778 1344 prout
800 1241 931 1318 liberet
959 1255 998 1318 et
1018 1244 1255 1319 commodum
1282 1244 1488 1332 videretur,
1515 1246 1633 1346 egisse.
1657 1289 1710 1304 -
1760 1253 1899 1333 Miran-

409 1437 422 1450 ,
461 1343 551 1424 dom
582 1347 649 1432 eo,
696 1347 903 1443 scriptorum
940 1343 1180 1421 Orientalium
1217 1352 1404 1421 neminem
1436 1347 1707 1445 inscriptionum
1739 1355 1898 1428 mentio-

461 1473 548 1525 nem
573 1445 753 1542 irrie'ciii'e3
781 1443 956 1536 interiisse
982 1445 1134 1520 videtur.
1153 1445 1421 1526 Saisanidarum
1447 1449 1596 1546 linguae
1627 1457 1788 1554 cognitio
1822 1455 1897 1533 iam
2010 1489 2016 1496 ·

343 1571 345 1584 ’
461 1571 577 1651 pauca
601 1550 741 1628 saecula
767 1548 844 1650 post
867 1546 1025 1651 ipsorum
1053 1565 1379 1628 monumentorum
1403 1553 1592 1652 originem.
1632 1631 1635 1642 ,

1030 1773 1062 1837 3.
1094 1757 1338 1852 [ascriptiones.

319 1903 323 1916 '
436 1944 440 1950 -
561 1891 647 1970 Non
676 1901 926 1970 unoetantum
958 1891 1039 1970 loco
1064 1908 1310 1972 monomenta
1341 1893 1400 1972 iiia
1428 1891 1681 1992 inscriptiones
1711 1890 1897 1984 exhibent,

436 1989 504 2067 -In
531 1996 679 2072 maioris
710 1998 804 2074 antri
832 1997 1000 2072 exteriori
1025 2009 1147 2091 parte,
1181 1996 1345 2090 utsupra
1372 1998 1601 2086 monuimus,
1638 1991 1819 2094 inscriptio
1843 1997 1904 2072 so·¹

462 2089 526 2170 isse
560 2097 722 2188 videtur,
765 2098 929 2195 itemque
958 2097 994 2172 in
1030 2099 1193 2173 eiusdem
1230 2103 1326 2172 antri
1356 2101 1493 2192 pariete
1526 2099 1727 2194 posteriori.
1765 2099 1801 2174 io
1834 2097 1896 2172 iiio

448 2199 692 2295 anaglypho,
733 2199 830 2296 quod
861 2214 936 2274 tres
967 2199 1103 2294 figuras
1137 2199 1296 2280 exhibet.
1348 2203 1405 2277 De
1430 2201 1477 2276 iic
1501 2223 1588 2278 vero
1613 2199 1701 2274 nihii
1724 2201 1902 2288 innotuit

360 2342 363 2346 -
392 2323 397 2328 ·
446 2295 528 2371 'nih
552 2302 648 2398 quod
672 2301 718 2376 de
739 2303 851 2376 aitera
874 2302 963 2378 dicit
984 2300 1182 2384 Rouiseau‚
1210 2299 1360 2378 fimilem
1381 2301 1455 2376 esse
1478 2303 1559 2378 eius
1583 2298 1791 2396 scripturam
1812 2301 1897 2380 cha·

446 2403 724 2482 'racteribusin
745 2405 867 2480 numis
888 2403 1154 2479 Sasianidar'um
1179 2401 1306 2480 obviis.
1357 2403 1600 2479 Soiummodo
1632 2401 1896 2500 inscriptiones,
1943 2497 1947 2502 Ι

313 2577 316 2586 .
448 2523 557 2600 ‘quae
582 2512 619 2583 ln
650 2500 827 2594 secondo,
859 2507 1010 2582 minorir'
1024 2503 1159 2602 formae
1188 2515 1291 2580 antro
1319 2503 1477 2587 exstant.
1517 2505 1751 2602 percognitus
1783 2503 1913 2579 habe»

383 2617 395 2692 ,“
434 2623 560 2691 mus,
611 2607 908 2704 Beaochampius
941 2614 1038 2684 enim
1069 2629 1133 2682 eas
1158 2605 1709 2702 depinxitetcommunicarit
1735 2627 1819 2682 cum
1847 2605 1897 2682 de

258 2735 260 2738 ·
384 2794 387 2800 ¹
462 2703 587 2800 Sacyo
606 2710 659 2802 g).
713 2709 817 2794 Quae
840 2729 926 2782 vero
947 2707 1138 2806 descriptio
1163 2731 1247 2782 cnm
1273 2733 1319 2784 ex
1342 2707 1411 2783 alia
1435 2722 1536 2804 parte
1557 2709 1723 2796 laconas,
1754 2733 1800 2782 ex
1825 2707 1896 2785 aiio

461 2807 692 2884 characteres
727 2809 853 2886 exesos
884 2807 1056 2900 referret,
1089 2809 1227 2908 expleri
1260 2807 1386 2888 debuit
1419 2823 1474 2884 et*
1492 2810 1711 2886 coniectoris
1746 2807 1895 2886 restitui.

460 2911 570 2998 Quod
602 2911 823 3009 quamquam
856 2910 997 2988 summo
1021 2909 1133 2988 animi
1156 2914 1326 2988 acumine
1350 2915 1391 2988 ‘et
1413 2912 1554 3007 ingenti
1577 2914 1766 2988 doctrinae
1787 2933 1897 3008 appa·

374 3027 377 3036 '
434 3026 543 3088 *ratu
568 3013 698 3088 fecerit
725 3017 779 3089 De
793 3016 953 3107 Sacyus,
982 3014 1106 3110 evenit
1132 3027 1277 3094 tamen,
1305 3027 1363 3099 ut,
1389 3035 1501 3106 quum
1523 3013 1726 3090 Bembonis
1752 3013 1897 3088 itinera·
2008 3109 2013 3114 Ι

448 3115 557 3200 ‚riom
586 3113 768 3209 prodiret,
799 3113 1043 3204 eiusdemque
1073 3111 1247 3184 itinerarii
1280 3108 1420 3201 efligies
1452 3127 1491 3186 et
1512 3114 1614 3186 ,dnae
1642 3115 1894 3207 inscriptiones

462 3213 758 3290 communicatae
795 3209 915 3298 esi'ent·
944 3233 1028 3286 com
1067 3209 1122 3283 De
1149 3213 1291 3305 Sacyo,
1329 3211 1447 3286 irritas
1480 3213 1773 3308 deprehenderet
1808 3236 1897 3290 con·

462 3319 630 3392 iecturas.
687 3317 907 3394 Emendavit
930 3312 1037 3408 igitur
1063 3315 1116 3386 vir
1143 3310 1351 3388 ciariihmns
1372 3336 1467 3410 quae
1491 3315 1562 3390 iarn
1588 3316 1620 3390 ei
1647 3317 1682 3391 in
1707 3337 1895 3392 commen·

396 3415 399 3432 '
462 3425 603 3498 tatione
636 3419 744 3516 priori
772 3417 877 3492 secut
905 3413 1141 3505 videbantur,
1181 3415 1355 3510 adhibitis
1382 3418 1508 3508 novis,
1538 3439 1632 3516 quae
1658 3416 1894 3596 praesentiit:
2005 3454 2010 3462 ·

455 3554 458 3562 ·
1789 3519 1853 3596 sob

503 3726 530 3802 r)
553 3725 608 3786 i’er
629 3733 890 3787 monumentorum
915 3725 1043 3803 picturae
1064 3723 1142 3806 opud
1166 3717 1367 3786 Mricohnhrm
1387 3715 1497 3781 ehrnrrr
1522 3719 1579 3792 est,
1602 3713 1711 3801 hgu'rrr
1739 3721 1893 3802 primerio·

543 3803 654 3868 nuliam
679 3809 815 3866 exhihere
841 3804 987 3867 seminam.
1034 3809 1162 3869 Srhirina
1187 3821 1284 3864 eorem
1309 3805 1328 3866 sr
1353 3821 1454 3862 rerer·
1477 3803 1506 3863 in
1528 3800 1584 3863 iiiir
1610 3807 1702 3870 north
1729 3802 1892 3882 repraesen-

543 3901 602 3948 tato
632 3886 748 3962 fuisset,
774 3891 851 3948 inter
876 3889 1019 3967 principer
1046 3889 1121 3948 haud
1146 3886 1236 3948 dubie
1259 3883 1365 3959 figuras
1389 3879 1484 3942 ierom
1519 3887 1675 3949 obtineret.
1726 3883 1892 3947 Parierero

543 3967 635 4030 intere
655 3971 762 4030 obiecti
786 3975 950 4028 inrrnnrerer
974 3970 1091 4050 quidem
1121 3965 1250 4029 referunt
1273 3963 1383 4041 effigiet
1404 3959 1502 4050 sormp
1524 3967 1644 4026 minime
1665 3963 1722 4043 (od
1742 3969 1905 4028 minionem·
1952 3987 1957 3994 ·
1996 4040 2000 4054 Ι
2063 3989 2075 4010 ·

542 4067 657 4192 postem
687 4071 704 4110 ι
741 4047 912 4114 Mairoinrio
947 4049 1110 4133 depictor),
1147 4053 1225 4112 inter
1259 4067 1343 4130 quor,
1362 4061 1457 4107 tumen
1489 4047 1618 4108 Schirina
1650 4050 1698 4108 vir
1725 4047 1892 4130 quaerendo

543 4151 573 4192 vr
596 4149 673 4194 etur.

491 4238 536 4322 ij)
557 4245 741 4322 Qramqurm
768 4233 826 4318 ipse
852 4239 996 4300 Carrion·
1023 4229 1212 4298 monume'ntr
1242 4235 1338 4296 nosirr
1363 4234 1457 4307 vidie,
1484 4251 1576 4318 quom
1604 4245 1698 4293 tomen
1721 4245 1751 4295 et
1774 4229 1890 4296 ennaier
1921 4287 1926 4292 .

464 4315 476 4330 ''
542 4321 666 4383 Persreot
689 4303 806 4391 trudet,
834 4321 975 4379 incertum
998 4319 1054 4388 esi,
1088 4332 1188 4380 utrum
1214 4335 1250 4378 tx
1272 4319 1359 4402 ipsios
1381 4316 1515 4394 iuditio,
1544 4333 1580 4396 ott
1599 4312 1748 4378 tertarum
1772 4311 1889 4380 tonuit·

542 4397 672 4476 secutor,
693 4400 922 4484 descriptionem
937 4400 1110 4460 exhibuerit.

494 4505 532 4592 g)
553 4509 600 4569 Du
624 4520 740 4585 tntu,
759 4509 907 4572 nemrim
922 4503 978 4586 sur
1002 4504 1063 4572 dio.
1089 4525 1120 4588 p.
1139 4519 1213 4574 211·
