4378 5382
482 449 532 510 πο
569 429 1444 542 ‚Pened.i’ern1anncnnanoccrnnncanea.
1476 435 1622 506 Secnrri
1644 435 1671 508 t,
1698 437 1839 514 Panem.
1876 470 1880 476 ·
1995 487 1999 494 -

415 655 423 664 ’
485 580 1973 730 desidum¹¹¹s⁰1fiiiff⁰⁰⁶³<i¹¹³mPlurimaedepingendae'resiantr);2⁹
2111 608 2113 621 ’

484 733 700 830 exquibus,
725 746 893 810 accurate
915 734 1138 831 ¹depictis'et
1164 735 1259 809 inter
1285 734 1320 808 se
1343 734 1499 836 collatis¹
1535 757 1649 830 quum
1676 738 1790 814 muita
1818 735 1918 810 hand
1999 772 2005 837 j

486 835 597 912 dubie
619 835 694 930 peti
724 831 869 928 possint,
904 837 1014 930 digna
1038 835 1203 932 inprimis
1231 833 1285 918 est
1318 835 1410 910 haec
1440 837 1672 912 monumenti
1707 861 1788 934 pars
1818 848 1919 932 per'e·

379 954 383 965 ·
436 983 446 1018 ,ι
486 937 667 1033 grinantis
689 935 804 1038 futuri
828 935 1029 1038 diiigentia.
1081 939 1268 1015 Certiores
1293 938 1380 1012 sacti
1406 936 1529 1012 sumus
1553 935 1849 1016 solummodum
1874 937 1920 1012 iis
1995 1025 1999 1032 Ι

489 1037 755 1136 architecturae
778 1040 966 1134 operibus,
993 1060 1087 1136 quae
1101 1039 1212 1142 supro
1232 1052 1323 1114 terro
1343 1043 1598 1115 inveniuntur:
1625 1061 1736 1114 nemo
1758 1058 1920 1136 unquam

489 1139 529 1218 in
554 1139 673 1229 lucem
699 1139 894 1237 protraxit,
928 1163 1023 1240 quae
1052 1141 1110 1218 vel
1137 1155 1230 1216 terra
1263 1140 1410 1225 obruta,
1444 1139 1503 1215 vel
1530 1137 1603 1236 ipsa
1632 1158 1710 1217 arte
1733 1141 1947 1242 sabiterro,
1990 1177 1993 1187 =

384 1336 386 1345 Ι
449 1241 633 1320 'condita
659 1239 750 1316 suut.
806 1243 921 1320 Multa
943 1237 1024 1321 eius
1038 1242 1186 1338 generis
1208 1241 1350 1332 restare,
1375 1255 1413 1318 et
1432 1241 1525 1317 ratio
1552 1241 1662 1318 fidem
1688 1244 1794 1328 facit,
1821 1243 1920 1340 quod
1986 1271 2001 1328 χ
2110 1279 2116 1288 -

488 1342 630 1439 semper
655 1342 733 1418 sere
759 1342 843 1436 taiia
870 1343 1038 1421 aedificia
1061 1343 1121 1420 sna
1144 1360 1290 1442 quoque
1312 1341 1503 1424 habebant
1524 1342 1773 1430 subterranea,
1799 1357 1838 1418 et
1861 1365 1921 1438 pe·

487 1446 732 1544 regrinatores
755 1467 823 1519 nos
847 1447 1004 1523 edocent
1026 1449 1073 1533 r).
1132 1447 1239 1532 Multi
1270 1445 1405 1522 restant
1430 1447 1606 1534 cuniculi,
1650 1452 1730 1546 qui,
1757 1459 1798 1521 u't
1823 1443 1921 1520 vide·

487 1561 566 1643 tur,
602 1546 801 1622 cohaerent
824 1570 906 1622 cnm
932 1548 1002 1622 iliis
1029 1546 1198 1642 sepulcris
1219 1549 1335 1624 monti
1357 1546 1498 1635 inciss;
1527 1571 1637 1622 nemo
1666 1549 1826 1644 penitius
1855 1567 1921 1620 eos

487 1647 726 1742 investigavit.
779 1651 832 1726 Ita
859 1671 929 1722 nec
951 1651 1184 1723 cohaerentia
1214 1648 1433 1750 fingularum
1462 1649 1619 1724 aedificii
1642 1657 1803 1746 partium·
1823 1649 1924 1724 inda·

486 1760 571 1844 gata
596 1749 664 1835 est,
702 1769 796 1844 quae
821 1745 846 1820 st
874 1749 1118 1835 inveniretur,
1145 1750 1305 1831 multum
1331 1751 1471 1826 faceret
1495 1751 1541 1824 ad
1570 1749 1755 1827 consilium
1786 1750 1925 1826 certine
1954 1807 1959 1820 ,

488 1847 766 1938 definiendum,
802 1849 848 1924 ad
887 1853 986 1946 qnod
1021 1849 1183 1927 inmensa
1211 1852 1304 1928 haec
1326 1863 1566 1928 monumenta
1595 1853 1797 1930 constructa
1827 1851 1921 1930 sunt.

490 1948 838 2048 Optandumligitnr
868 1953 939 2041 est,
973 1965 1015 2029 ut
1038 1951 1466 2050 peregrinatorensnturi
1494 1953 1540 2027 ad
1567 1977 1608 2028 ea
1632 1955 1797 2050 inprimis
1821 1959 1925 2027 men·

490 2064 568 2128 tem
596 2054 810 2138 advertant,
837 2075 931 2148 quae
961 2058 1033 2130 iam
1058 2054 1183 2144 minus
1206 2061 1353 2156 cognita
1383 2055 1456 2130 iilic
1483 2051 1591 2128 nobis
1618 2055 1761 2132 restant.
1815 2057 1925 2131 Tem·

489 2155 592 2252 poris
617 2151 792 2262 angustiis
806 2155 809 2161 '
824 2151 1002 2244 solomano
1029 2181 1051 2230 o
1078 2155 1311 2232 excusandus·
1329 2155 1379 2231 est
1401 2155 1608 2244 Kinneirus,
1632 2161 1729 2253 qnod
1751 2179 1821 2236 una
1839 2167 1926 2232 tan·
1953 2181 1960 2196 ’

487 2270 571 2332 turn
604 2256 737 2352 pagina
770 2157 1164 2454 PersepolinQoirit
1186 2263 1233 2350 t).
1294 2261 1413 2344 Quam
1447 2263 1608 2331 maxime
1634 2260 1831 2342 dolendum
1859 2254 1924 2341 est,
1977 2265 1987 2284 ⁸

490 2357 692 2436 Morierum
721 2359 759 2447 a)
789 2379 863 2440 nnn
898 2365 1015 2456 primo
1072 2359 1226 2452 ropodto
1259 2358 1408 2443 fictitie,
1446 2355 1670 2433 describendi
1705 2357 1837 2434 scilieet
1866 2363 1924 2442 ea,

490 2481 587 2556 quae
624 2459 1006 2558 aperegrinatoribus
1038 2461 1228 2557 hucusque
1257 2459 1376 2536 essent
1403 2457 1548 2544 omissa,
1586 2469 1625 2531 et
1651 2459 1852 2544 indicandi,
1884 2462 1926 2532 in

453 2609 457 2618 .
491 2561 625 2656 quibus
650 2561 936 2658 discrepantium
968 2562 1180 2659 scriptorum
1217 2560 1377 2658 partibus
1402 2559 1566 2636 standum
1591 2559 1689 2640 esser.
1740 2555 1927 2638 ‘uenerati

418 2739 427 2752 ,
491 2662 590 2736 enim
632 2661 712 2736 eius
752 2662 994 2765 descriptione
1038 2665 1129 2740 nihii
1175 2663 1380 2759 lucramur3
1424 2657 1601 2740 notiffima
1640 2665 1774 2772 iterum
1816 2659 1925 2738 nobis

312 2777 315 2786 ’
412 2823 417 2834 ,
494 2761 712 2842 offeruntur.

876 2951 882 2958 ¹
1011 2967 1087 3042 IV.
1140 2925 1406 3066 Descriptio.
1599 3065 1600 3072 ἵ
1902 3029 1907 3038 .
1980 3063 1993 3072 .

593 3090 814 3172 Aedificium
843 3112 890 3166 ex
925 3091 1032 3182 nigro
1058 3111 1259 3176 marmore,
1294 3091 1390 3186 quod
1422 3087 1564 3166 ricinus
1587 3109 1696 3166 mona
1724 3087 1925 3186 suppedita-

425 3279 428 3288 Ι
484 3193 571 3294 ¹stat,
606 3219 647 3272 ea
682 3193 761 3270 arte
795 3191 1042 3294 constructum⁸
1069 3191 1139 3276 ert,
1175 3206 1216 3267 ut
1242 3192 1367 3266 multis
1395 3193 1555 3288 partibus
1582 3193 1644 3267 vix
1674 3192 1804 3268 rimam
1838 3213 1923 3285 cog.-

428 3339 438 3356 *
493 3319 625 3371 noscas
652 3297 749 3373 inter
780 3297 951 3390 ingentes
979 3291 1061 3367 ilias
1089 3291 1210 3370 moles
1244 3291 1489 3375 marmoreas,
1523 3291 1596 3389 fine
1629 3293 1702 3368 uiso
1728 3297 1926 3370 caemento

495 3397 650 3474 iunctas.
702 3399 835 3475 Totum
860 3417 969 3490 opor,
1006 3395 1110 3472 cuine
1136 3396 1311 3491 quadrata
1342 3395 1420 3470 fere
1446 3395 1498 3470 est
1524 3393 1661 3484 forma,
1695 3393 1925 3490 aniuffi0qui·
2058 3445 2062 3454 -
2110 3425 2114 3433 ·

496 3499 582 3574 dem
608 3523 682 3576 non
715 3499 856 3594 semper
880 3495 1037 3584 servata,
1071 3519 1212 3572 murno
1230 3521 1276 3570 ex
1303 3499 1404 3584 omni
1427 3499 1598 3593 regione,
1631 3513 1784 3593 excepto
1808 3497 1951 3571 latere·

364 3661 382 3680 ,.
495 3599 680 3688 orientali,
707 3599 928 3684 circumdat,
955 3597 1016 3695 qui
1042 3621 1062 3672 a
1087 3597 1330 3697 septentrione
1354 3600 1400 3675 ad
1423 3600 1614 3676 meridiem
1640 3599 1847 3684 sexcentos,
1875 3595 1923 3669 ab

306 4502 368 4585 f
434 4507 439 4510 ’
532 4513 686 4633 rie-77·
778 4591 780 4596 ,
1113 4532 1138 4626 ι·
1203 4509 1426 4594 'eriptam

413 3751 417 3758 -
493 3702 687 3780 occidente
716 3727 803 3778 vero
835 3701 1110 3784 adorientem,
1142 3723 1213 3797 qua
1248 3719 1361 3775 mons
1385 3720 1491 3778 muro
1514 3699 1626 3774 finem
1647 3700 1805 3796 inponit,
1838 3721 1928 3794 qua-

492 3803 707 3923 dringentos
734 3802 889 3884 circiter.
904 3799 1022 3896 passus
1049 3815 1193 3902 aequat.
1246 3799 1376 3877 Totius
1404 3809 1523 3897 operis
1547 3804 1584 3876 in
1609 3801 1762 3876 sormam
1787 3799 1932 3875 theatri,

358 3961 363 3972 .
491 3905 615 3981 structi
636 3919 711 3980 tres
738 3907 889 3982 omnino
913 3901 993 3977 sunt
1014 3917 1156 3997 partes,
1184 3925 1336 3998 quarum
1360 3905 1600 3982 aiterawaltera
1621 3901 1842 3977 eminentior
1859 3901 1921 3982 est.
2026 3921 2033 3928 ·

413 4051 417 4055 ·
490 3993 637 4104 Duplex
662 4005 752 4082 scala
781 4007 830 4080 ita
855 4021 1086 4102 comparata,
1121 4009 1162 4080 ut
1191 4005 1321 4082 decem
1355 4011 1516 4102 equites,
1542 4029 1616 4081 uno
1641 4005 1739 4079 iuxta
1764 4004 1921 4080 aiterum
1959 4073 1965 4090 ,

490 4107 730 4197 locato,s1ne
758 4105 921 4184 molestia
952 4105 1148 4184 ascendere
1178 4129 1278 4244 eam!
1295 4105 1439 4254 possint,
1475 4107 1615 4186 aditum
1640 4107 1686 4185 ad
1713 4105 1922 4308 insipiam

530 4405 567 4486 r)
588 4389 752 4473 Nrennrru
775 4413 813 4475 Is}
836 4429 866 4492 p.
887 4414 955 4485 156.
1236 4403 1268 4482 si
1291 4411 1460 4469 sennanim
1482 4405 1561 4494 ῩΙΙΙ.
1578 4367 1611 4494 ιρ.
1630 4423 1701 4487 329.
