4334 5384
540 477 629 552 Car.
652 474 931 564 1.t‘nnsaaonrs
956 491 1083 548 vuaso
1112 471 1441 566 Tanain-Mruaa.
1481 556 1505 576 Ι,
1590 524 1592 534 ·
1650 501 1699 557 ar

271 692 412 784 pamm
444 677 613 780 praebet,
653 689 731 773 qua
756 623 914 774 primum
937 651 1063 754 'oeulis
1096 623 1316 750 oiiiciuntur
1337 673 1425 750 duo
1453 671 1629 771 parietes,
1664 675 1703 758 in

270 808 424 884 quorum
453 797 608 884 utroque
640 773 806 875 animalis
835 775 1025 852 cuiusdam
1060 773 1208 850 fabulosi
1243 775 1357 874 ligura
1391 775 1552 856 coioliica
1584 775 1703 858 excisa
1841 769 1850 789 ’

141 949 143 956 ,
270 891 330 964 est.
385 889 549 971 Quatuor
579 880 714 956 deinde
750 875 837 953 ntae
868 891 974 974 erant
1006 877 1218 962 columnae,
1261 901 1414 975 quarum
1449 879 1545 957 duae
1579 881 1703 960 adhuc

269 988 478 1093 supersunt,
504 1007 595 1084 quas
614 983 748 1056 iterum
769 977 904 1054 ssmiles
930 983 1120 1077 excipiunt
1136 979 1314 1078 parietes,
1343 977 1518 1078 similibus
1540 981 1703 1063 inllructi
1805 993 1812 1004 ’
1878 1081 1882 1096 .

239 1177 241 1182 ¹
268 1088 495 1166 animalibus.
556 1087 728 1160 introitus
755 1081 817 1158 hic
847 1079 950 1158 suilla
981 1081 1126 1156 videtur
1159 1079 1474 1181 totiusaedillcii.
1539 1083 1629 1161 Inde
1655 1085 1703 1162 ad

213 1245 215 1250 -
266 1213 418 1268 manum
442 1189 609 1264 dextram
633 1186 766 1262 iterum
794 1207 858 1282 pet
878 1182 989 1262 scalas
1015 1181 1187 1258 ascanius
1211 1182 1262 1259 est
1286 1185 1331 1259 ad
1352 1183 1549 1272 secundam
1572 1209 1703 1266 anonu-

264 1292 383 1386 menti
406 1293 567 1390 partem,
592 1301 677 1364 octo
698 1287 811 1384 pedes
837 1284 947 1382 priori
968 1283 1148 1363 altiorem.
1201 1284 1252 1362 lbl
1278 1285 1476 1364 columnae
1495 1285 1584 1368 litae
1605 1287 1701 1376 suut,

241 1391 528 1492 ..quinquaginta
555 1393 689 1487 pedum
711 1387 924 1492 altitudine,
951 1411 1068 1484 eaque
1099 1384 1268 1470 craffitie,
1302 1386 1479 1464 ut'ttium
1507 1390 1701 1472 hominum

264 1496 476 1594 amplexum
502 1491 693 1588 expleantt
721 1503 840 1566 totum
865 1486 1073 1574 aedificium
1099 1489 1147 1564 ab
1176 1492 1221 1564 iis
1243 1491 1383 1566 nomen
1411 1489 1530 1567 traxit.
1581 1491 1713 1586 Paria„
1755 1505 1760 1520 “

263 1607 323 1674 tes
345 1597 519 1674 scalarum
553 1594 670 1669 ornati
703 1589 786 1667 suut
812 1588 959 1664 diversis
989 1589 1225 1684 anaglyphis,
1261 1612 1358 1685 quae
1390 1613 1474 1666 curn
1506 1592 1701 1674 homiuum

220 1743 224 1754 «
261 1698 421 1796 figuras,
448 1697 583 1795 pedum
607 1694 765 1768 duorum
789 1701 829 1766 et
854 1688 996 1768 dimidii
1019 1689 1234 1773 altitudine,
1261 1704 1341 1772 turn
1363 1691 1580 1771 animalium
1603 1697 1701 1774 inter

263 1802 300 1878 le
319 1801 538 1876 certantium
569 1793 710 1890 effigias
739 1789 871 1868 filiunt.
935 1789 1158 1869 Aedilicium
1189 1789 1259 1887 hap
1286 1803 1388 1886 parte
1410 1801 1453 1866 ut
1474 1793 1593 1872 monti
1621 1820 1701 1894 pro.

261 1903 422 1986 trimum,
448 1903 498 1976 ita
523 1909 562 1974 et
578 1895 718 1972 ambitu
740 1893 944 1972 maximum
968 1889 1038 1974 elit
1066 1892 1225 1988 parietes
1245 1891 1374 1968 multis
1387 1891 1699 1994 ¹ligurlsinliructi

262 2003 364 2092 lunt,
390 2007 597 2100 inter'nnas
620 2019 745 2092 regem
766 1993 851 2072 sella
874 1993 974 2088 regia
1000 1991 1189 2074 sedentem
1208 2015 1284 2070 nou
1309 1994 1469 2088 ignores.
1524 1997 1607 2074 Alia
1629 2002 1699 2078 mi·
1791 2090 1793 2098 y

262 2103 364 2178 noris
387 2101 584 2177 structurae
604 2097 770 2174 aedificia
791 2096 881 2172 inde
902 2096 949 2170 ad
973 2096 1204 2172 occidentem
1228 2094 1351 2171 versus
1372 2090 1561 2186 srta'sunt,
1589 2123 1696 2197 quae,

106 2235 116 2252 ·
260 2221 379 2300 quom
401 2201 535 2276 itenarn
563 2198 677 2274 solutu
699 2198 831 2278 elatius
856 2212 1058 2289 occupent,
1091 2198 1235 2275 tertiam
1264 2199 1378 2274 totius
1405 2199 1696 2298 operisparteru

263 2299 409 2380 efficere
438 2300 509 2375 dici
540 2297 719 2396 poliunt·
749 2296 975 2379 Remotlorls
1003 2298 1096 2372 haec
1123 2299 1195 2374 elie
1218 2297 1389 2374 videntur
1418 2301 1553 2378 aetatis
1585 2327 1698 2404 quam

263 2417 406 2496 cetera;
421 2387 626 2500 sculpturis
650 2419 769 2528 aeque
793 2407 837 2473 'ac
859 2394 984 2474 omnia
1010 2397 1148 2499 reliqua
1173 2394 1300 2480 multis
1325 2401 1527 2480 abundant.
1626 2511 1635 2534 ι

364 2589 397 2666 E
424 2581 574 2686 regione
606 2583 716 2660 huius
745 2575 902 2658 aedificii
935 2601 1043 2661 mons
1075 2579 1267 2659 Rachmed
1304 2579 1697 2688 monumentum'spe.

263 2691 436 2769 ctanduru
458 2675 608 2786 praebet
627 2707 737 2781 quarn
756 2684 919 2760 maxime
938 2683 1188 2776 memorabile.
1240 2685 1374 2780 Magna
1395 2685 1557 2782 lapidum
1576 2693 1695 2767 moles
1821 2715 1826 2730 ·

263 2793 409 2868 mediae
427 2787 505 2864 sere
524 2787 663 2866 montis
684 2785 763 2880 rupi
785 2797 931 2862 exemta
953 2781 1021 2871 est,
1049 2799 1090 2862 ut
1113 2785 1424 2881 perpendicularis
1447 2785 1554 2866 fieret
1574 2784 1694 2890 super·

264 2892 386 2976 licias,
411 2911 520 2985 quarn
543 2887 678 2962 deinde
696 2885 823 2960 multis
845 2883 1034 2980 sculpturis
1058 2885 1236 2982 perpolite
1261 2889 1431 2960 omnibus
1452 2889 1570 2964 incifis
1592 2915 1695 2977 orna

263 2993 318 3069 vit
338 2990 480 3066 artilex.
512 2989 664 3062 -Totnur
691 2983 782 3068 huc,
817 2985 913 3056 inter
935 2981 1203 3076 Persepolltana
1235 2985 1342 3086 facile
1373 2987 1613 3084 gravillrruum
1641 3019 1693 3071 ar.

264 3097 315 3170 tis
344 3115 436 3187 opus
460 3087 563 3176 srssit,
599 3109 644 3158 ex
668 3081 843 3186 Citardiui
867 3080 990 3175 effigie
1013 3083 1155 3166 LXVII,
1182 3083 1304 3160 tabula
1329 3085 1445 3162 nostra
1473 3091 1495 3164 l.
1550 3091 1695 3173 Frontis

265 3195 420 3272 latitudo
448 3189 673 3288 septuaginta
698 3199 740 3260 et·
759 3185 915 3274 duorum
948 3183 1082 3280 pedum
1110 3181 1178 3270 est,
1211 3187 1364 3261 altitudo
1391 3203 1538 3267 centum
1570 3210 1608 3270 et
1632 3201 1692 3274 tri·
1726 3225 1769 3292 ·,

265 3300 379 3392 ginta.
433 3295 670 3386 Sitnileopus
695 3285 879 3385 paululum
903 3283 1547 3372 indemetidiernveriusinendem
1568 3312 1695 3376 monte
1757 3339 1785 3377 .-

265 3397 428 3472 excisum
460 3393 529 3481 eli3
570 3410 691 3485 aquo
718 3388 852 3462 iterum
884 3399 1049 3486 quartam
1089 3387 1201 3462 horae
1231 3391 1511 3487 praemittat
1543 3400 1692 3479 tertium
1816 3439 1822 3450 ·

266 3497 432 3577 eiusdem
458 3494 604 3596 generis
633 3487 902 3590 anaglyphum,
927 3511 1002 3564 uon
1023 3481 1165 3592 prorsus
1182 3511 1275 3575 ,vero
1300 3493 1516 3592 perfectum.

557 3709 559 3714 Ι
616 3747 662 3827 V.
720 3699 1109 3826 Commentatorum
1144 3745 1345 3848 recensio.

280 3977 283 3981 ,
334 3939 336 3944 ·
368 3900 665 3997 Peregrinatutes
691 3899 769 3976 iere
790 3867 923 3977 ornnes
945 3923 1058 4004 quum
1083 3924 1153 3984 nec
1174 3899 1342 3980 historiae
1367 3923 1437 3976 nec
1459 3903 1547 3980 artis
1576 3865 1695 4004 cogni.

268 4009 369 4087 tione
392 4007 497 4100 galde
519 4001 633 4076 elient
651 4001 787 4086 inbuti,
814 4003 964 4085 minoris
985 4003 1166 4094 momenti
1188 4003 1346 4080 habendi
1373 3999 1454 4080 sunt
1471 4008 1592 4106 quoad
1614 4010 1697 4086 Per.

26 4147 37 4158 ·
146 4164 154 4176 .
269 4110 465 4207 [apolitana
501 4103 732 4201 explicanda..
786 4105 921 4180 Eorum
947 4107 1056 4208 igitur
1081 4105 1282 4184 sententias
1306 4105 1466 4182 excludit
1496 4109 1588 4184 haec
1613 4133 1696 4191 mea

268 4210 510 4290 enumeratio.
562 4205 714 4302 Reliqua
737 4227 823 4280 vero
845 4207 1048 4303 explicandi
1073 4209 1266 4286 conamina
1294 4209 1344 4283 ita
1372 4209 1534 4296 afferam,
1561 4223 1602 4286 ut
1629 4213 1698 4310 pri·
1785 4227 1788 4234 ’

139 4303 144 4312 ’
267 4337 370 4392 mum
399 4313 447 4386 de
471 4306 625 4384 ils'viris
650 4307 800 4382 eruditis
822 4307 966 4406 loquar,
993 4313 1054 4410 qui
1077 4313 1193 4390 vatin
1220 4309 1424 4386 universum
1449 4311 1502 4387 de
1518 4309 1698 4410 Persepoli

121 4441 127 4454 ·
269 4413 489 4494 sententiam
513 4410 748 4510 protulerint,
773 4409 833 4490 vel
855 4423 998 4510 partem
1025 4414 1106 4492 eius
1128 4415 1380 4514 explicandam
1404 4411 1467 4492 srbi
1489 4411 1698 4500 sumserinta
1812 4457 1816 4470 ·

1002 4547 1007 4558 ·
1088 4513 1122 4594 Β
1148 4533 1172 4598 a
1561 4517 1696 4598 deinde
