4458 5384
524 359 620 488 eurr
641 375 700 486 isi.
750 359 1014 486 noanneane
1043 426 1091 480 nn
1118 427 1247 488 uerear
1268 353 1568 494 summouentem·
1686 439 1761 516 ¹37

389 665 391 672 ,
464 685 467 690 Ι
530 611 563 679 6.
589 610 650 676 De
675 575 764 672 artie
787 608 903 692 dorum
922 542 1199 674 adrumentinam
1226 607 1337 702 indole
1361 623 1394 674 et
1415 622 1549 679 noturm

257 676 260 684 Ι
284 753 287 760 ·
425 705 575 812 Persae,
600 741 712 820 quum
727 729 919 796 anatomer
937 714 1082 810 regulas
1104 739 1230 814 parum
1250 730 1436 808 curarent,
1463 722 1563 798 nuiio
1586 731 1760 823 tempore

290 865 294 870 -
323 818 363 896 in
381 819 566 922 sculpendi
587 839 668 898 arte
691 822 934 898 eminuerunt
987 817 1110 894 Nihilo
1132 817 1249 902 sechia
1272 833 1398 898 tamen
1419 823 1529 902 testes
1552 824 1632 904 sunt
1655 851 1754 925 pere·

323 922 547 1019 grinnione,
583 925 782 1022 figurarum
813 923 874 1000 bic
903 917 1253 1016 repraesentaturum
1289 925 1427 1004 multas
1468 939 1569 1014 tanta
1601 926 1754 1026 singula.

323 1047 405 1202 aum
422 1034 592 1208 &mum
622 1031 869 1209 ⁶⁰⁹1⁰3i¹²¹¹³t⁸t⁰
905 1021 1109 1201 exsculpitur}
1138 1023 1313 1202 masmim,
1347 1039 1464 1140 utne
1493 1031 1652 1206 cptignos
1678 1033 1754 1210 qgi.

323 1151 411 1312 trienii
442 1147 1048 1330 ρὲξοεὲἰῖιῗῗοτεεῖωἰῗιὲῠξνίῐίῗε
1071 1149 1202 1306 hocrirsm
1224 1131 1564 1308 institeritilelitorssiiao
1581 1155 1753 1329 phisici,

321 1345 403 1408 tum
424 1333 460 1410 in
484 1335 609 1431 figuris
635 1335 704 1410 iiiia
725 1330 877 1410 minotio
899 1326 1061 1412 soranae.
1093 1353 1190 1430 quae
1213 1331 1309 1410 antri
1335 1332 1488 1408 maioris
1508 1335 1704 1431 parietibus
1728 1360 1753 1416 a

320 1432 436 1510 latere
458 1437 610 1512 obiectio
631 1433 763 1512 incisae
782 1433 882 1522 sont,
902 1432 1090 1509 neminem
1112 1433 1217 1532 fugit.
1269 1433 1475 1532 Praecipue
1488 1458 1634 1535 quoque
1660 1439 1753 1516 haec
1881 1513 1894 1530 ,

321 1538 609 1659 aftis'persectio
636 1538 674 1614 in
705 1535 779 1613 iuis
806 1535 933 1633 figuris
965 1559 1012 1612 ex
1036 1535 1134 1652 autri
1152 1533 1311 1656 'maioris
1343 1534 1513 1654 superiori
1538 1539 1661 1614 fronte
1690 1565 1753 1658 eif-

321 1633 1496 1834 itha'iristipiiiiiihiiiiin‘isisi‘arbitria
1516 1639 1668 1844 iiiii
1693 1643 1764 1822 si·

184 1882 190 1897 ·
321 1841 462 1918 tionem
490 1865 597 1929 vero,
631 1865 702 1940 qua
735 1841 824 1918 iliud
859 1839 901 1914 iit
935 1829 1135 1935 prosatum,
1171 1842 1396 1918 Graecorum
1428 1854 1546 1918 artem
1579 1844 1753 1938 innuere,
1805 1867 1808 1874 ·

321 1943 670 2040 primo‘tabusarum
702 1939 899 2019 aeneorum
927 1953 1081 2037 aspectu
1106 1939 1213 2017 sacise
1236 1941 1300 2018 tibi
1327 1941 1568 2040 persuadebis.
1609 1947 1752 2025 'Graci-

321 2045 367 2124 lis
389 2045 587 2142 figurarum
612 2043 782 2132 habitus,
818 2041 1006 2118 fluitantes
1029 2039 1167 2130 vestes,
1200 2063 1445 2122 mammarum
1467 2044 1752 2142 protuberantia,

322 2147 542 2244 singularum
565 2148 679 2226 totius
697 2146 857 2242 corporis
878 2144 1033 2244 partium
1059 2143 1286 2220 concinnitas
1305 2167 1327 2220 a
1349 2145 1536 2225 Persarum
1554 2161 1633 2226 arte
1652 2173 1753 2250 pror·

321 2249 382 2332 sua
407 2250 542 2342 aliena,
579 2273 653 2327 uno
679 2247 810 2336 verbo,
848 2259 926 2322 bota
956 2265 1017 2320 ara
1050 2245 1087 2320 iu
1117 2246 1162 2322 iia
1189 2245 1382 2344 conspicua
1411 2247 1614 2326 sententiae
1645 2276 1753 2333 meae
1820 2277 1826 2284 ·
1870 2279 1872 2284 ·

324 2351 437 2430 iidem
463 2354 561 2432 facit.
613 2353 735 2440 Quum
767 2359 955 2447 praeterea
987 2343 1166 2440 iohgnem
1194 2347 1364 2424 observes
1391 2347 1521 2427 harum
1552 2350 1752 2446 figurarum

187 2459 190 2468 ’
315 2479 408 2546 ,cum
439 2453 664 2534 Graecorum
688 2447 1140 2542 Geniishmiiitudioem,
1175 2447 1469 2548 persuaiiihmum
1498 2449 1589 2530 mihi
1621 2455 1752 2549 babeo,

311 2553 471 2648 Persas,
508 2569 549 2632 ut
576 2553 613 2630 in
642 2553 768 2654 moitis
798 2549 879 2626 aliis
911 2550 1186 2636 monumentis,
1222 2554 1274 2629 ita
1306 2563 1346 2628 et
1374 2554 1411 2628 in
1443 2555 1502 2630 his
1535 2554 1753 2662 potisiimum

324 2657 568 2758 perficiendis,
593 2650 744 2732 Graecis
768 2649 850 2730 usos
868 2649 975 2750 iuiiie
995 2649 1205 2728 artificibus.
1256 2657 1334 2734 lam
1356 2653 1528 2758 facillime
1553 2661 1754 2758 explicatur

312 2761 385 2836 ‘ille
409 2759 538 2838 Perhci
562 2755 723 2832 numinis
747 2777 831 2830 cum
849 2757 993 2832 Graeco
1015 2751 1218 2831 consensus.
1266 2753 1441 2835 Artifices
1460 2761 1591 2838 Graeci
1620 2757 1755 2842 scilicet

324 2861 420 2944 bene
446 2859 623 2950 tenebant
654 2855 854 2944 Geniorum
890 2855 1124 2932 sisteodbrum
1155 2857 1355 2940 rationema
1395 2855 1477 2936 iam'
1495 2883 1581 2936 vero
1610 2863 1657 2938 iis
1690 2867 1754 2942 de-

323 2965 565 3040 mandabatur
583 2959 745 3036 numinis
768 2955 921 3034 alicuius
942 2957 1244 3056 repraesentatio,
1274 2963 1571 3040 cuius-naturam
1592 2975 1631 3040 et
1651 2967 1753 3058 indo·
1902 3003 1905 3009 ·

322 3065 396 3144 lem
423 3087 536 3163 quum
563 3061 661 3136 haud
686 3061 909 3158 perspectam
940 3060 1139 3144 haberent,
1168 3055 1321 3136 similem
1349 3083 1541 3139 ueroeam
1567 3069 1690 3144 mustis
1715 3073 1755 3146 in
1880 3153 1883 3158 ,
1952 3120 1957 3126 -

308 3169 444 3252 rebus.
463 3149 788 3261 deprehenderent
812 3161 1036 3234 Graecorum
1066 3159 1219 3246 Geniis,
1246 3161 1293 3254 ad
1320 3159 1450 3238 horum
1481 3162 1753 3248 hmilitudinem

307 3271 440 3347 -muita
469 3264 627 3342 exsecuti
660 3261 760 3348 sunt,
795 3259 883 3334 dum
913 3259 1011 3334 aliud
1046 3258 1315 3354 planenumen
1340 3285 1386 3336 ex
1409 3265 1594 3342 Persarum
1620 3269 1764 3347 insistu-¹

325 3377 429 3467 tione
450 3365 682 3467 effingebant.
736 3363 858 3450 Quum
874 3363 960 3435 vero
979 3357 1093 3434 multa
1113 3377 1317 3448 occurrant,
1338 3379 1414 3440 tam
1433 3367 1470 3442 io
1489 3368 1547 3442 his
1562 3367 1643 3466 ipsis
1662 3371 1752 3468 figo.

327 3477 390 3562 ris,
414 3495 523 3570 quam
547 3471 584 3542 in
609 3463 756 3561 reliquis
784 3475 1108 3538 monumentorum
1135 3464 1307 3560 partibua
1339 3489 1434 3562 quae
1457 3492 1575 3568 aeque
1602 3472 1648 3552 ab
1672 3489 1756 3554 arte
1869 3477 1881 3490 “

328 3593 439 3674 atque
456 3599 483 3650 -a
514 3567 740 3667 mythologie
764 3563 989 3642 Graecorum
1014 3563 1162 3660 prorsus
1191 3565 1402 3654 abhorrent,
1433 3591 1600 3672 quaeque
1624 3591 1751 3671 aperte

189 3702 199 3712 .
327 3679 454 3760 persas
484 3675 660 3774 produnt,
691 3683 732 3744 nt
756 3691 788 3742 e.
812 3691 843 3742 c.
867 3663 1039 3742 attributa
1067 3663 1284 3766 figurarum,
1316 3669 1492 3760 annulus,
1528 3674 1637 3750 lunae
1666 3677 1752 3770 salx,
1856 3689 1860 3702 “

170 3793 180 3812 ·
318 3781 488 3878 Ιῃιῑῃιμιιες
515 3767 802 3886 quumqoepari
827 3762 938 3844 modo
964 3791 1159 3870 permagna
1181 3769 1238 3846 iiia
1265 3767 1442 3856 ferarum.
1459 3774 1665 3872 'parietibus
1686 3805 1753 3860 an·

328 3890 375 3962 tri
402 3881 548 3960 maioris
577 3877 764 3951 incisarum
796 3874 898 3971 copia
920 3869 1125 3948 Or'ientases
1146 3871 1294 3964 innuat,
1321 3889 1488 3954 naturam
1509 3896 1552 3958 et
1577 3881 1755 3961 verosimi·
1822 3871 1826 3882 “

319 3984 469 4064 'litatem
493 3983 529 4058 in
554 3983 641 4057 artis
660 3973 831 4074 operibus
854 3973 978 4070 procui
1001 3973 1199 4052 habentes:
1227 3977 1517 4057 commistionem
1544 4007 1614 4078 ego
1638 3987 1672 4060 in
1697 3987 1755 4063 hie
1896 4071 1897 4074 p
1983 4055 1987 4064 .

328 4088 411 4187 ipsis
441 4083 690 4161 monumentis
719 4077 827 4153 video
856 4079 1078 4154 Graecorum
1104 4079 1193 4154 artis
1224 4091 1262 4156 et
1291 4079 1428 4180 ingenii
1456 4105 1539 4162 cum
1567 4087 1757 4178 Persarum

329 4191 462 4272 indole.
500 4183 644 4262 'Graeci
671 4179 805 4256 scilicet
827 4179 1004 4268 artifices,
1032 4195 1204 4274 utputo,
1230 4183 1276 4258 ad
1295 4181 1479 4262 Persarum
1503 4207 1702 4285 praecepta·
1719 4205 1758 4270 et

329 4291 505 4374 formulas
539 4287 631 4377 haec
646 4295 899 4360 ⁴monumenta
923 4279 1083 4360 exsecuti
1106 4283 1219 4364 sunta
1240 4277 1355 4380 quare
1379 4287 1421 4364 fit
1444 4301 1505 4378 ut,
1530 4287 1759 4382 significatio.
1898 4347 1904 4358 .

311 4421 417 4478 nem
452 4391 478 4470 st
518 4388 661 4490 spectes
695 4383 897 4494 effigiatum
931 4383 1074 4462 illarum
1108 4385 1373 4568 semigearum,
1418 4383 1622 4516 orientales
1657 4397 1758 4476 haud

1314 4557 1320 4582 r
1356 4543 1371 4596 ις
1437 4533 1445 4584 ;
1601 4519 1763 4598 ignores,
