4334 5384
357 499 365 520 .
477 440 482 450 “
523 431 615 512 cnr.
643 435 669 508 1.
696 435 921 511 ernestone
945 453 1072 510 runco
1096 434 1423 512 'securi-Minae.
1469 505 1474 510 .
1656 457 1690 529 ³⁹

202 629 229 733 J
260 633 321 716 rix
354 633 530 738 temporis
564 634 731 712 iniuriam
769 647 928 736 experta·
948 637 1031 714 lunt
1061 637 1103 729 1).
1135 673 1189 696 -
1252 636 1426 736 Amplaur
1456 633 1589 714 t'abolis
1615 634 1690 715 suia

259 742 442 818 subiunxit
459 738 756 835 descriptionem,
782 763 932 818 omnem
956 737 1218 816 dimeofioneur
1238 741 1283 813 ad
1307 741 1440 834 pedum
1464 753 1503 816 et
1525 737 1703 838 passuum·

258 844 465 920 mensuram
491 842 646 921 reduxit.
660 823 828 937 singulas
845 841 1001 922 aedilicii
1021 855 1142 938 partes
1165 841 1259 916 bene
1280 839 1438 940 disiinxit
1458 855 1496 916 et
1518 851 1688 918 accurata

257 944 440 1040 disposuit.
497 943 538 1018 sn
566 943 789 1037 explicandis
818 944 1008 1020 ruderibus
1038 957 1176 1031 tantam
1212 943 1426 1038 approbavit
1456 941 1688 1024 scientiarum

257 1046 420 1142 copiam,
454 1056 495 1118 ut
515 1044 641 1129 multi.
676 1046 739 1142 qui
764 1046 875 1122 telem
900 1047 1145 1122 eruditionem
1170 1044 1297 1138 pictori
1325 1047 1521 1121 convenire
1547 1043 1688 1125 diffide·
1780 1119 1784 1126 .

229 1145 363 1235 ‚naue
387 1145 541 1230 atrorum
562 1145 691 1244 opibus
715 1169 762 1222 ex
786 1147 858 1222 hnc
884 1161 987 1242 parte
1012 1147 1245 1233 ioliracturn.
1271 1147 1557 1244 ,doctiorumque
1573 1171 1688 1245 opera

154 1259 186 1288 '·
255 1249 420 1324 adiutum
444 1269 531 1324 eom
556 1246 801 1346 perhiberent.
859 1249 912 1324 Le
935 1247 1085 1338 Bruynii
1112 1243 1274 1335 tabulas,
1305 1243 1477 1324 adhibitis
1501 1249 1687 1326 nonnuliis

254 1349 522 1434 Chardinianrs,
542 1351 706 1448 depictas
731 1349 844 1426 habes
865 1348 901 1424 in
919 1351 1009 1426 libro
1034 1353 1094 1424 cui
1119 1349 1266 1425 titulus:
1294 1347 1481 1449 Persepolis
1494 1347 1686 1449 illustrator

126 1469 130 1477 ·
252 1473 315 1540 or,-
347 1449 402 1527 tire
426 1453 557 1528 ancient
577 1448 649 1526 ond
668 1449 774 1552 royos
795 1449 913 1546 possen
939 1451 985 1548 of
998 1450 1187 1550 Persepolis
1219 1453 1253 1526 in
1277 1450 1414 1552 Persto,
1445 1452 1616 1556 destroyed
1637 1453 1686 1558 by
1760 1493 1764 1501 ·
1889 1545 1894 1560 ι

251 1551 449 1630 Alexander
471 1553 524 1628 ibe
551 1549 680 1646 Greci.
714 1553 821 1627 about
849 1559 916 1628 ino
937 1551 1117 1650 thousand
1141 1575 1241 1655 prore
1265 1577 1354 1648 ugos
1387 1553 1472 1629 wien
1492 1551 1686 1652 nocticolor
1732 1603 1739 1622 .
1812 1657 1818 1664 .

250 1657 395 1732 nemoris
415 1657 611 1750 concerning
638 1653 715 1728 rtur
735 1651 882 1736 Poloce.
912 1654 985 1728 ond
1010 1677 1057 1727 on
1085 1663 1227 1728 account
1248 1652 1293 1748 os
1307 1649 1361 1727 tire
1388 1657 1521 1730 ancient
1542 1655 1686 1732 menore

205 1747 209 1756 “
249 1753 329 1836 orsio¹
351 1756 435 1834 ioue
454 1768 570 1832 'wrote
599 1754 791 1852 thereupon.
851 1747 1051 1850 Issnsteoied
1076 1755 1149 1829 ond
1178 1751 1360 1854 described,
1400 1756 1435 1830 in
1462 1763 1591 1860 twenty
1623 1775 1685 1832 one
1764 1747 1768 1766 '

255 1853 521 1956 s⁰ssssl²s⁰ssb
550 1853 699 1934 L⁰⁹¹s⁰⁰
726 1877 834 1948 ¹739·
887 1855 989 1948 Opus
1010 1853 1258 1950 splendidum,
1276 1867 1397 1929 totum
1419 1855 1683 1935 a'eri'incisume
1733 1889 1736 1893 ·
1837 1907 1846 1916 -
1886 1852 1891 1861 “

214 1957 401 2036 .Autoris
425 1981 559 2035 nomen
584 1960 773 2054 ignoratur
794 1957 859 2048 n).
910 1956 1086 2054 Sequitur
1108 1965 1180 2038 iarn
1207 1957 1682 2052 cluentissimum).

248 2060 339 2134 nulli
355 2060 413 2136 vel
435 2061 599 2136 veritatis
620 2059 747 2147 lindio,
766 2057 826 2134 vel
845 2055 1033 2151 diligentia
1046 2071 1096 2133 -et
1110 2059 1185 2134 acri
1207 2057 1344 2153 indicio
1367 2058 1556 2136 secundus.
1595 2059 1683 2138 Non

248 2160 471 2255 coronidem
494 2183 539 2236 ac
564 2161 619 2236 De
640 2159 817 2264 Bruynicrr
838 2169 878 2234 et
904 2156 1115 2247 Csrordinnr.
1149 2159 1331 2236 itinerario
1358 2161 1498 2236 addidit
1526 2159 1702 2249 tabulas,-

160 2309 163 2314 -
192 2271 202 2290 “
247 2257 360 2336 iniis
391 2280 480 2336 vero
507 2273 604 2358 quas·
626 2261 745 2349 dedit,
774 2258 821 2338 ab
848 2257 928 2334 eius
957 2259 1119 2358 partibus
1136 2243 1292 2362 semper
1320 2253 1457 2336 stabis.'
1493 2264 1682 2342 Wrnarnrr
1745 2291 1749 2303 ·

245 2359 474 2440 Fenucmrr
490 2363 550 2452 o),
572 2381 794 2458 quamquam
820 2359 976 2435 celerius
993 2379 1070 2436 rem
1090 2357 1258 2449 absolvit.
1285 2383 1395 2457 quam
1417 2373 1459 2436 ut
1480 2363 1699 2462 descripto-fi·
1787 2409 1817 2448 ,ι

245 2460 297 2538 ris
317 2461 438 2538 officio
462 2486 509 2539 ex
535 2466 636 2538 omni
658 2473 762 2560 parte
782 2459 990 2538 litisfacere
1017 2461 1206 2560 potuisset,
1245 2463 1525 2560 descriptionem
1544 2477 1697 2542 tamen·
1834 2483 1840 2518 ¹

127 2557 131 2562 ’
247 2561 414 2640 e‘xhibuit
441 2561 652 2640 melioribus
678 2560 817 2660 semper
847 2564 1125 2640 accensendam.
1182 2565 1345 2642 Levioris
1367 2566 1564 2650 momenti.
1585 2565 1678 2654 sont,
1815 2605 1816 2608 κ

245 2687 342 2762 quae
365 2665 441 2762 post
466 2687 551 2742 eum
576 2663 750 2763 praesistit
769 2665 924 2750 Moatra
948 2669 1001 2762 p).
1055 2665 1204 2765 Effigies
1227 2667 1457 2770 monumenti
1488 2667 1677 2768 elongin·
1738 2712 1744 2722 ·

245 2789 320 2880 quo
344 2763 509 2844 desumto
532 2765 594 2846 vix
617 2767 750 2846 claram
773 2765 837 2844 tibi
860 2767 1035 2846 excitabit
1058 2767 1269 2871 imaginem.
1674 2812 1676 2820 ,

321 2965 410 3046 ΙΙΙ.
439 2972 505 3046 An
535 2993 583 3046 en
615 2971 727 3046 omni
753 2979 880 3066 porte
911 2969 1075 3044 rudera
1111 2964 1444 3070 TsesiilMinor
1475 2967 1599 3048 nobis
1706 2925 1733 2948 ’ἱ

578 3129 582 3136 .
687 3103 696 3124 s
802 3067 1113 3146 innotuerint?
1430 3101 1434 3114 ·

346 3197 468 3283 Quum
492 3207 549 3274 tot
571 3206 831 3294 tantorumque
852 3199 1011 3275 vitorum
1036 3196 1264 3291 diligentiam
1291 3195 1520 3272 exercuerint
1542 3201 1682 3282 rudera'
1806 3169 1825 3228 χ·

242 3297 534 3396 Perrepotnana,
563 3298 647 3374 oriri
672 3299 815 3374 lort'slse
841 3301 955 3396 pollet
976 3301 1113 3398 opinio,
1137 3297 1258 3372 omnia
1277 3297 1323 3372 ad
1344 3321 1384 3372 ea
1407 3298 1611 3396 indaganda
1634 3317 1679 3381 et·
1839 3387 1842 3390 ,

211 3401 463 3498 ”οκρ1οτεηᾶε
493 3401 564 3474 iam
592 3397 1142 3498 praestiti-neiperegrinaturos.
1169 3399 1347 3494 nobisque
1369 3421 1414 3474 ex
1438 3403 1538 3475 omni
1570 3417 1673 3498 porte
1739 3449 1746 3456 ·
1836 3441 1847 3458 ·

227 3525 288 3578 ·-ea
317 3503 502 3598 explorata
529 3498 601 3576 else
625 3512 664 3576 et
686 3501 908 3600 percognita.
958 3505 1156 3588 Secusses
1185 3499 1220 3574 se
1247 3500 1380 3581 habete
1406 3501 1495 3584 imo,
1517 3504 1593 3600 post
1617 3519 1676 3585 tor:

92 3621 96 3632 ’
130 3629 133 3636 ’
168 3660 174 3668 .
244 3614 440 3701 notosque
466 3599 609 3677 labores
632 3603 676 3676 iis
706 3602 894 3699 inpensos,
928 3605 1045 3680 nosira
1078 3623 1205 3678 eorum
1232 3603 1360 3676 notitia
1388 3601 1488 3676 haud
1510 3607 1687 3698 perfectuu

246 3705 307 3780 esi.
366 3705 473 3782 Tota·
490 3701 688 3797 sigurarum
716 3704 753 3779 in
782 3702 858 3780 illis
887 3704 1001 3781 ruinis
1029 3703 1304 3800 conspicuarom
1334 3701 1548 3792 multitudo,
1580 3707 1672 3786 teste

244 3803 291 3884 de
312 3805 477 3907 Broyoio
504 3811 565 3904 i),
599 3827 794 3884 numerum
824 3803 936 3884 efficit
968 3829 1086 3904 rzoor
1118 3801 1425 3908 minimaeorom
1448 3825 1531 3902 pars
1565 3809 1682 3888 nobis¹

576 3937 589 3952 ··
750 3933 752 3940 ·
1014 3915 1021 3918 “
1231 3907 1233 3914 '
1499 3909 1670 4011 ,depicta

116 4087 123 4096 ·
202 4067 222 4088 “’
285 4057 310 4142 s)
331 4041 379 4121 Cf.
403 4059 531 4126 Moriens
549 4058 690 4122 iudiciuin
712 4033 773 4141 q'uo
795 4053 862 4120 setin
883 4057 1087 4138 perstringitur
1108 4054 1142 4118 de
1164 4053 1266 4140 Brnyn
1286 4055 1332 4136 (p.
1350 4057 1447 4136 134.)-

173 4143 178 4153 ’
235 4191 238 4198 ·
285 4167 329 4240 n)
353 4167 440 4230 Neon
462 4185 529 4230 nere
547 4167 740 4242 erndbornn,
759 4182 808 4230 en.
824 4177 913 4258 1741.
935 4185 965 4243 p.
980 4177 1051 4240 205.
1141 4185 1147 4190 ·
1472 4173 1476 4180 '

284 4271 317 4355 n)
339 4277 378 4338 11.
402 4293 431 4356 p.
446 4281 514 4342 ηπ.
741 4297 746 4308 ·
908 4273 942 4347 o)
966 4269 1047 4332 Tcnr
1063 4268 1149 4350 frona
1170 4287 1225 4334 erc.
1244 4287 1274 4352 p·
1291 4275 1362 4348 198.

284 4379 497 4464 pipino„
584 4371 598 4398 ⁶
907 4375 1152 4559 illsgw·
1232 4419 1239 4436 ·
