4334 5384
468 447 517 506 ιο
567 425 662 500 Pars
691 430 733 507 ll.
758 427 917 537 Peroran
944 447 1098 500 vennae
1126 447 1428 502 oocrornnnrre.
1461 429 1607 520 Securo
1629 429 1656 502 l.
1683 432 1824 508 Penne.
1862 464 1865 472 ·

400 651 408 660 ·
470 623 613 724 depicta
644 623 723 702 est..
764 623 1018 726 lnlrriptinnes
1049 649 1158 726 qoam
1193 625 1371 724 plurimae
1402 626 1670 724 depingendae·
1688 629 1822 704 rellaut
1847 629 1922 723 r)3;

469 729 685 826 exquibus,
710 742 878 805 accurate
899 730 1124 826 ,depictiset
1149 730 1244 804 inter
1271 729 1305 804 se
1329 729 1484 832 collatis,
1520 752 1634 826 quom
1662 733 1776 810 multa
1804 729 1903 804 haud

470 831 583 908 dubio
604 831 679 926 peti
710 827 854 924 poffint,
889 833 999 927 digna
1022 831 1188 927 inprimis
1216 827 1270 914 est
1303 830 1396 905 haec
1426 832 1657 906 monumenti
1692 843 1904 930 parspere·
1986 827 1988 832 ’

365 952 368 963 ·
422 981 432 1014 ,ι
470 931 789 1034 grinantisiutu'ri
813 932 1014 1032 diligentia.
1067 933 1253 1010 Certiores
1278 931 1514 1008 faeti-sumus
1539 930 1774 1011 solummodo*
1787 933 1835 1007 de
1859 931 1905 1006 iia
1982 1021 1986 1026 Ι

475 1033 740 1132 emhiteoturae
763 1035 951 1130 operibus,
978 1055 1072 1132 quae
1086 1035 1196 1136 supro
1216 1048 1308 1110 terro
1329 1039 1583 1110 inveniuntur:
1610 1057 1721 1110 nemo
1744 1053 1905 1132 unquam
2008 1103 2012 1106 .

475 1135 514 1215 in
539 1134 658 1226 luceru
684 1135 879 1232 protraxit,
913 1160 1008 1236 quae
1037 1137 1095 1212 vel
1118 1151 1215 1211 terra
1248 1135 1395 1221 obruta,
1430 1135 1488 1210 vel
1516 1131 1588 1230 ipsa
1617 1153 1696 1212 arte
1719 1135 1933 1238 sustene,

472 1237 618 1316 condita
644 1235 735 1312 sunt.
791 1239 906 1314 Multa
929 1233 1009 1318 eius
1023 1237 1171 1332 generis
1193 1237 1335 1327 restare,
1360 1251 1398 1312 et
1418 1237 1509 1312 ratio
1537 1235 1647 1314 iidem
1673 1239 1779 1323 facit,
1806 1237 1906 1334 quod
1970 1268 1986 1324 ῃ

473 1338 615 1435 semper
640 1339 718 1414 iere
744 1338 828 1431 talia
855 1339 1022 1416 aedificia
1046 1338 1106 1415 sua
1129 1356 1275 1437 qnoque
1297 1337 1487 1418 habebant
1510 1337 1758 1425 subterranea,
1785 1351 1823 1414 et
1846 1361 1906 1433 pe·

472 1442 717 1540 regrinatores
740 1447 808 1515 uos
832 1442 989 1521 edocent
1010 1445 1058 1529 r).
1117 1442 1224 1526 Multi
1255 1441 1390 1518 reliant
1415 1442 1590 1528 cuniculi,
1636 1447 1714 1544 qui,
1742 1454 1784 1516 ut
1808 1438 1907 1517 vide-

472 1557 551 1642 tur,
587 1542 786 1618 cohaerent
808 1565 891 1618 curn
917 1544 987 1620 illis
1014 1542 1182 1638 sepulcris
1204 1544 1320 1619 monti
1342 1541 1484 1630 inuis,
1511 1565 1622 1618 nemo
1651 1545 1811 1638 penitius
1840 1562 1906 1615 eos

472 1642 711 1738 investigavit.
763 1647 817 1721 lta
845 1667 913 1718 neo
936 1646 1169 1718 cohaerentia
1200 1643 1419 1746 singularum
1447 1644 1603 1718 aedificii
1627 1653 1783 1742 partium
1808 1643 1908 1720 iuda·

471 1744 649 1839 gameli,
686 1765 781 1839 quae
805 1741 831 1816 sr
859 1745 1103 1830 inveniretur,
1130 1745 1290 1822 multum
1316 1747 1457 1821 faceret
1480 1747 1527 1820 ad
1556 1745 1741 1822 consilium
1771 1745 1910 1822 certine
1938 1792 1970 1814 .»

473 1841 751 1933 deliniendum,
788 1845 834 1918 ad
873 1848 971 1942 quod
1006 1845 1168 1921 inmensa
1187 1847 1289 1922 lraec
1311 1859 1552 1924 monumenta
1581 1848 1782 1924 constructa
1812 1847 1906 1924 sunt.

475 1945 823 2044 optandumigitor
853 1948 924 2036 est,
958 1961 1002 2038 ut
1023 1945 1451 2045 peregrinatoresfuturi
1479 1948 1526 2022 ad
1552 1949 1788 2046 eainprimis·
1807 1955 1910 2022 rnen·

472 2059 553 2124 tem
581 2049 795 2134 advertant,
822 2071 916 2144 quae
946 2053 1019 2126 iarn
1043 2049 1168 2140 minus
1192 2057 1338 2144 cognita
1369 2051 1441 2125 illio
1468 2049 1576 2124 nobis
1597 2051 1747 2128 reliant.
1800 2052 1910 2127 Tern-

474 2150 587 2248 pons·
602 2147 777 2258 anguillis
809 2147 1037 2238 solummodo
1064 2151 1296 2228 excusandus
1314 2150 1365 2227 est
1387 2150 1593 2240 Kinneirus,
1617 2157 1715 2250 quod
1736 2175 1806 2232 una
1824 2164 1910 2227 tan·
1937 2177 1943 2191 ·

472 2267 556 2326 tum
589 2251 723 2348 pagina
755 2250 960 2351 Persepolin
1046 2251 1148 2330 solvit
1170 2259 1218 2346 t).
1279 2256 1398 2340 Quam
1432 2259 1593 2326 maxime
1620 2257 1817 2330 dolendum
1845 2250 1912 2337 est,
1959 2259 1969 2280 ⁸

476 2352 677 2432 Morierum
706 2355 744 2443 rr)
774 2377 847 2433 non
883 2361 1000 2451 primo
1058 2355 1211 2449 roposrto
1245 2354 1393 2438 stetisse,
1432 2351 1655 2430 describendi
1691 2353 1908 2438 scilicerea,

476 2477 572 2552 quae
609 2480 630 2532 a
661 2455 991 2553 peregrinatoribus
1023 2457 1213 2554 hueusque
1243 2453 1361 2532 elsent'
1389 2453 1533 2540 omilin,
1571 2466 1616 2528 et·
1637 2455 1838 2540 indicandi,
1870 2459 1910 2527 in

438 2605 441 2614 ·
476 2557 609 2652 quibus
635 2557 922 2654 discrepantium
953 2559 1165 2656 scriptorum
1203 2557 1363 2654 partibus
1387 2556 1551 2632 liaudum
1577 2557 1675 2637 eliel.
1736 2549 1909 2635 Generair

402 2735 412 2748 ,
476 2658 576 2834 erlrsim
617 2657 697 2732 eius
738 2658 979 2761 descriptione
1023 2661 1114 2736 nihil
1161 2659 1365 2755 lucramnr3
1410 2654 1587 2735 notiffirna
1626 2663 1765 2770 iterum
1802 2657 1909 2736 nobis

397 2820 401 2830 .
480 2771 697 2838 oerunrur.

860 2948 867 2955 ⁵
996 2964 1072 3039 IV.
1125 2965 1392 3062 Descriptio.

579 3087 799 3168 Aedilicium
828 3109 876 3162 ex
911 3087 1018 3179 nigro
1044 3109 1245 3173 marmore,
1279 3089 1376 3184 qnod
1407 3085 1550 3164 ricinus
1572 3107 1682 3164 rnoua
1710 3085 1909 3184 suppedita-
1961 3059 1974 3068 ⁸

410 3277 413 3284 ,
469 3191 557 3290 Μ,
591 3215 633 3268 ea
667 3207 746 3268 arte
780 3187 1024 3266 constructum
1054 3188 1124 3274 eli,
1160 3203 1206 3266 ot
1227 3190 1353 3264 multis
1381 3191 1541 3287 partibus
1568 3191 1630 3276 vix
1660 3190 1789 3266 rimam
1824 3211 1908 3283 cog.-

345 3333 348 3340 ·
413 3337 423 3350 =
478 3315 610 3368 noscas
637 3293 734 3370 inter
765 3295 937 3388 ingentes
965 3281 1046 3365 illa's
1074 3290 1195 3368 moles
1229 3291 1475 3374 marmoreas,
1508 3289 1581 3368 fine
1614 3292 1687 3368 ullo
1714 3297 1911 3372 caemento

480 3393 635 3470 iunctas.
687 3396 820 3472 Totum
845 3415 954 3488 opus,
991 3393 1094 3472 cuius
1120 3394 1296 3489 quadrata
1327 3391 1405 3469 sere
1432 3391 1483 3494 est
1509 3393 1646 3484 iorrna,
1681 3392 1909 3490 annii-qui·
2037 3443 2040 3455 -

383 3487 389 3509 '
481 3496 567 3572 dem
593 3520 667 3572 non
700 3496 841 3592 semper
866 3495 1022 3582 serrata,
1056 3515 1196 3570 murus«
1215 3519 1262 3569 ex
1288 3497 1389 3580 omni
1412 3497 1583 3592 regione,
1616 3511 1770 3592 excepto
1794 3495 1934 3570 latere·
1962 3567 1980 3580 ⁴,

350 3657 368 3672 ..
479 3596 665 3686 orientali,
692 3597 912 3682 circumdat,
940 3595 1001 3693 dui
1027 3619 1046 3670 a
1072 3595 1315 3696 septentrione
1339 3599 1385 3674 ad
1408 3599 1599 3674 meridiem
1625 3599 1833 3683 sexcentos,
1860 3594 1908 3668 ab

399 3745 403 3752 -
478 3699 672 3777 occidente
701 3725 787 3776 vero
820 3703 865 3774 ad
893 3699 1094 3782 orientem,
1127 3722 1197 3796 qua
1233 3718 1346 3774 mons
1371 3721 1476 3776 moro
1499 3698 1611 3773 linem
1632 3697 1791 3794 inponit,
1823 3719 1913 3792 qna·

478 3800 692 3916 dringentos
720 3801 873 3882 circiter.
889 3797 1007 3893 p‘assus
1033 3813 1177 3898 aeqpat.
1231 3799 1361 3875 Totius
1389 3809 1509 3896 operis
1533 3803 1569 3875 in
1594 3800 1747 3874 sormam
1773 3799 1916 3874 theatri

343 3958 347 3966 .
477 3901 600 3978 iirncti
622 3917 696 3977 tres
723 3904 873 3978 omuino
897 3899 977 3974 sont
999 3915 1141 3994 partes,
1169 3923 1321 3996 quarum
1345 3903 1456 3977 altera
1475 3903 1586 3980 altera
1608 3900 1827 3976 eminentior
1845 3901 1906 3980 est.
2003 3919 2011 3926 '

476 3989 622 4100 Duplex
647 4002 737 4079 scala
766 4003 1070 4100 irrumpente,
1105 4017 1147 4080 ut
1176 4003 1305 4080 decern
1339 4011 1501 4100 equites,
1528 4027 1601 4079 uno
1628 4003 1725 4078 iuxta
1750 4003 1905 4079 alterurn
1941 4071 1947 4086 ,

475 4103 715 4194 locato,s1ne
743 4103 905 4182 molestia
937 4102 1133 4183 ascendere
1164 4128 1262 4243 eaml
1279 4103 1425 4206 pollrnt,
1454 4105 1601 4184 ¹aditum
1626 4103 1672 4184 ad
1698 4105 1907 4286 ludriam

867 4243 870 4250 ’
959 4251 963 4261 “
1308 4235 1316 4252 ’
1418 4241 1421 4248 ’
1687 4273 1697 4294 ·
1765 4233 1788 4308 Ρ

515 4404 551 4482 r)
573 4387 737 4470 Nrenurrn
760 4409 797 4473 11:
821 4427 850 4490 p.
871 4410 939 4483 156.
1221 4407 1445 4482 titilarentur
1468 4403 1547 4492 ῩΠΙ,
1563 4365 1596 4492 p.
1615 4423 1687 4487 329.

517 4511 546 4630 ri
566 4529 597 4592 e·
620 4527 671 4590 rr·
1098 4531 1121 4622 g
1188 4507 1307 4630 'aio
1342 4527 1410 4589 ¹2⁹·
