4458 5384
470 403 551 548 '14⁹2'
595 435 690 518 Paeo
708 435 754 514 li.»
765 431 924 529 lastras
942 407 1094 516 actaea
1111 415 1318 517 o'ccrnmaa.¹
1343 425 1483 510 soca-to
1499 397 1557 514 iu
1574 430 1713 520 'monta
1729 433 1898 519 Mesua.

469 663 551 722 rem
580 635 743 714 habirill'e
771 655 854 712 cum
888 633 1104 713 Meherdate
1132 633 1190 711 vel
1220 635 1467 729 Mithradate,
1496 641 1616 738 dequo
1640 665 1686 718 eo
1709 639 1900 721 uictoriam

471 737 677 844 reportasse.
729 738 851 842 Huius
868 739 1099 815 Mithradatis
1121 761 1257 814 nomen
1284 765 1329 813 ex
1347 755 1450 832 perte
1470 737 1746 839 depmliendill'e
1769 742 1829 819 libi
1847 747 1900 822 ni·

470 846 579 934 'detur
605 843 652 916 de
676 845 818 938 Sacyus
850 849 889 918 in
921 839 1097 917 vocabulo
1124 833 1278 934 μιθςαζ,
1312 841 1440 940 ultima
1460 845 1568 938 'litera
1601 849 1787 942 paniolum
1821 869 1901 922 mn·

384 993 387 998 ,
466 950 561 1028 tata.
614 945 721 1031 Quae'
740 951 852 1046 quum
874 940 924 1016 fic
941 943 981 1016 'le
1003 943 1180 1030 habeant,
1199 941 1313 1038 'putat
1337 945 1392 1019 vlt
1412 945 1476 1028 ci..
1503 947 1679 1044 satrapem
1702 950 1900 1045 quendam,

395 1041 438 1109 Γ
469 1054 508 1130 ln
532 1047 641 1126 huius
666 1045 843 1120 victoriae
860 1043 908 1117 de
924 1044 1141 1118 llleherdate
1163 1058 1371 1142 reportatae
1390 1053 1800 1132 memoriam,·Goterzi
1823 1049 1901 1148 tegi
1982 1115 1988 1126 .

386 1237 390 1248 k
467 1161 753 1232 monumentum
783 1144 980 1236 condidisse
1009 1145 1059 1235 d).
1093 1183 1146 1202 ·-
1202 1145 1456 1226 Arsacidarum
1494 1155 1650 1245 tempori
1686 1152 1914 1239 tribuendae
2008 1221 2011 1230 ,

468 1275 617 1360 quoque
634 1247 805 1336 videntur
831 1245 919 1342 illae
938 1243 1097 1352 effigies,
1125 1247 1206 1324 loco
1235 1269 1262 1349 a
1278 1247 1489 1358 descriptae,
1512 1271 1663 1350 quarum
1690 1277 1770 1338 tona
1786 1275 1900 1331 manu
1969 1253 1974 1264 “

309 1407 313 1414 -
469 1355 576 1439 tenet
594 1355 749 1438 minoris
776 1349 915 1424 formae
944 1349 1119 1455 figuram,
1153 1349 1276 1431 tubam
1303 1347 1514 1442 inflantem,
1545 1377 1641 1452 quae
1663 1355 1810 1450 quidem
1829 1355 1923 1434 pp„

254 1465 259 1472 '
468 1455 655 1552 'ptoriolam
681 1450 825 1527 fortalie
848 1447 981 1536 refert,
1004 1451 1053 1530 all
1084 1455 1273 1534 uictoriam
1303 1453 1472 1532 Gotarzis
1500 1451 1740 1544 alludentem,
1791 1458 1899 1542 simi.

388 1636 394 1652 ,
467 1563 513 1650 iis
538 1557 655 1672 figura
676 1555 713 1632 in
735 1553 952 1656 Parthopum
973 1551 1096 1643 narnis
1120 1552 1261 1660 saepius
1283 1552 1474 1642 obtinest
1697 1591 1702 1604 ’

486 1755 494 1769 ·
572 1767 605 1836 3.
624 1739 957 1832 ‚Acientmidoeoee
990 1765 1083 1816 aevo
1114 1739 1429 1824 tribuendumell
1461 1741 1567 1840 anagl
1619 1741 1729 1831 hum,
1765 1736 1894 1832 lotoe
1979 1831 1983 1838 ,

464 1845 701 1946 descriptum.
728 1843 826 1940 quod
858 1835 1081 1940 exboa'ble
1101 1843 1250 1938 Olivieri
1277 1841 1364 1918 llllit
1392 1843 1483 1918 Tab.
1500 1765 1618 1918 ccliii
1635 1846 1729 1922 Vlll.
1756 1842 1834 1939 Fig,
1860 1841 1896 1924 b.
1986 1877 2024 1948 '.

465 1951 681 2046 Figuratum
709 1945 875 2030 habitus,
893 1957 951 2020 ,et
977 1941 1139 2032 vellitus,
1167 1965 1241 2042 quo
1268 1943 1469 2020 limillimae
1496 1943 1578 2020 iunt
1605 1945 1896 2041 Persepolitanis,

465 2059 506 2130 ‘et
525 2049 707 2148 inscriptio
731 2044 985 2132 omniformis,
1012 2067 1107 2142 qnae
1129 2045 1301 2139 inperiis
1326 2045 1524 2142 spectetur,
1551 2047 1599 2122 de
1624 2066 1749 2123 earum
1770 2059 1897 2122 aetate
2001 2075 2009 2088 ·

461 2175 613 2231 omnem
637 2147 903 2224 dubitationem
927 2145 1104 2225 eximunt.
1159 2147 1364 2241 Ridiculum
1388 2145 1439 2222 et
1459 2148 1557 2242 quod
1581 2148 1631 2224 de
1654 2149 1782 2224 harum
1806 2148 1897 2243 figu-

462 2279 584 2336 ramm
619 2248 881 2348 significatione
918 2249 1055 2344 profert
1087 2243 1348 2352 Gareaent-at·
1387 2249 1495 2344 “ples
1520 2248 1590 2326 loire
1617 2250 1680 2350 sot
1703 2277 1748 2326 oa
1779 2251 1896 2326 tocitt

462 2352 565 2446 ibai,
590 2377 635 2428 on
656 2355 730 2432 uuit
756 2359 819 2428 aene
845 2353 944 2428 croix
969 2361 1004 2426 et
1025 2352 1068 2424 les
1088 2351 1197 2426 douae
1219 2349 1365 2449 Apono
1380 2345 1573 2449 [captiti.
1609 2351 1742 2448 Aeque
1768 2364 1910 2428 tamen'

460 2458 634 2542 ridiculus
665 2455 717 2537 est
746 2472 864 2542 error,
895 2475 1005 2554 quem
1036 2451 1074 2527 in
1104 2453 1315 2528 Gardannio
1341 2451 1582 2548 vituperando
1611 2443 1810 2528 committit
1837 2451 1895 2527 Ie·

411 2613 415 2632 .
460 2565 577 2666 glistor
590 2557 656 2657 D,
689 2559 751 2633 vix
777 2556 1043 2650 ignoscendum
1075 2551 1166 2640 elle,
1204 2554 1352 2641 dicens,¹
1383 2547 1612 2643 Gardaunlo,
1638 2553 1894 2651 quod-nostris
1924 2627 1933 2642 ,

438 2664 658 2766 praecipue
680 2657 925 2754 temporibus,
943 2658 986 2736 ¹in
1009 2659 1280 2744 monumentis,
1315 2676 1409 2750 quae
1431 2655 1700 2744 Sallanidarnm
1723 2655 1895 2752 tempori·
1933 2697 1935 2704 ,

460 2769 532 2844 bus
576 2761 648 2838 elle
684 2761 896 2844 tribuenda,
935 2757 1140 2836 luculenter
1175 2755 1478 2840 demonstraverit
1512 2757 1560 2834 de
1589 2758 1707 2855 sacy,
1744 2779 1894 2836 crucem
1926 2765 1928 2768 ’
1964 2785 1972 2804 ·

194 2907 197 2914 ·
398 2868 403 2884 ’
461 2865 654 2966 agnoverit
679 2877 718 2940 et
745 2859 940 2940 duodecim
973 2857 1191 2958 apostolos..
1228 2859 1287 2946 De
1313 2859 1458 2956 Sacyua
1490 2857 1563 2934 noc
1589 2875 1897 2952 monumentum,-

266 2965 271 2974 ’
458 2973 498 3048 in
524 2968 634 3066 priori
657 2963 718 3042 sua
737 2967 796 3042 de
819 2963 1097 3058 antiquitatibus
1123 2959 1222 3040 urbis
1241 2959 1501 3040 llitmanlchah
1523 2959 1793 3060 disquilitione,
1821 2985 1892 3040 nec

458 3065 672 3168 explicavit,
700 3087 770 3148 nec
794 3064 983 3158 explicare
1005 3061 1144 3150 potuit,
1176 3063 1468 3156 quumsprimapr
1495 3063 1602 3152 paulo
1626 3067 1892 3144 accuratiorem
1982 3053 1987 3062 ’

461 3178 542 3256 eius
569 3165 740 3244 notitiam
760 3163 962 3251 debeamus
987 3157 1165 3241 otivierm
1196 3179 1336 3256 neque,
1363 3148 1388 3231 li
1413 3159 1595 3256 explicare
1618 3155 1806 3258 potnillets,
1841 3161 1890 3240 ad

456 3272 724 3374 Sallanidarnm
748 3279 913 3362 tempora
939 3257 1131 3344 tetulillet,
1160 3281 1257 3356 quoe
1283 3257 1329 3336 ab
1359 3259 1429 3334 hac
1455 3274 1578 3354 aetate
1599 3281 1717 3364 aeque
1741 3287 1785 3344 ac
1810 3289 1889 3342 om.

293 3445 297 3456 .
456 3366 517 3458 nia
536 3365 809 3466 'Persepomaoa
838 3364 1054 3442 abhorrenti
1103 3359 1313 3438 Similitudo
1341 3361 1463 3458 aliqua
1490 3364 1576 3438 lrnlc
1599 3367 1808 3463 anaglypho
1834 3368 1889 3442 in·

456 3467 620 3560 tercedit
635 3495 719 3551 cum
743 3467 830 3548 lab.
858 3463 1032 3546 Chardini
1056 3461 1197 3546 Lxut,
1224 3486 1336 3559 quare
1362 3459 1477 3562 limile
1514 3485 1772 3564 argumentum
1801 3471 1887 3546 utti-
1926 3489 1932 3500 ·

404 3581 424 3607 ·’
455 3607 530 3683 qne
566 3575 700 3673 effigiei
734 3567 870 3651 inbelle
906 3565 1137 3648 coniicerem.
1202 3565 1284 3642 Rex
1314 3565 1414 3642 enlm
1445 3566 1506 3642 hic
1536 3567 1618 3644 sella
1657 3570 1775 3658 ledet,
1819 3571 1885 3646 Fe·

430 3703 432 3710 '
457 3706 584 3766 ruerus
608 3681 642 3755 ei
667 3674 859 3769 inpendet,
894 3669 1017 3764 plures
1046 3665 1219 3742 homiues
1243 3670 1291 3768 ad
1315 3690 1443 3764 regem
1468 3669 1718 3762 adducuntum
1739 3672 1886 3774 legato·
1987 3665 1991 3674 '

456 3805 538 3872 tuln
563 3777 744 3866 admillto,
774 3773 813 3852 ul
835 3771 956 3866 fallor,
991 3768 1290 3868 repraesentatur,

527 4029 531 4038 ‹
556 3980 776 4065 Attentione
805 3969 1045 4074 dignlllrmum
1069 3971 1137 4058 ele,
1173 3971 1270 4068 quod
1293 3967 1493 4068 sepulcrum
1516 3970 1628 4050 limile
1647 3931 1883 4070 Persepolim.

303 4106 306 4123 ¹
453 4091 513 4176 nis
536 4089 608 4168 boc
627 4082 702 4185 ipso
720 4081 802 4160 loco
821 4073 1422 4196 invcoillespoteaditolivierus.
1473 4070 1681 4178 Mons-ipse
1704 4075 1882 4180 sepulcro·

464 4196 470 4272 i
495 4325 533 4404 ei)
556 4299 721 4385 Mentitur
734 4311 769 4374 tle
789 4309 956 4372 litteratore
979 4305 1016 4369 ll.
1036 4321 1066 4388 p,
1088 4319 1159 4408 ιρι.
1796 4191 1909 4310 ω’

494 4435 524 4502 e)
548 4421 665 4488 loetnei
689 4418 765 4482 dete
786 4429 895 4510 noyegt
919 4421 1026 4494 pta,
1085 4420 1090 4432 “
1294 4501 1299 4508 .
1509 4469 1512 4476 .

242 4550 274 4587 a
317 4577 321 4584 .
388 4553 412 4586 ι
485 4532 527 4631 s,
548 4534 616 4608 tta.
637 4529 781 4592 Roseae
804 4527 931 4587 llam
959 4517 1062 4603 legite,
1085 4519 1277 4637 iepxilore'et
1297 4535 1328 4600 p.
1346 4519 1417 4600 apd.
