4412 5390
417 519 422 528 Ι
526 468 532 477 -
620 428 709 500 Cae.
737 425 779 502 u.
831 423 1096 536 Mercatura
1127 427 1421 502 uentriinurnu.
1665 448 1741 526 179

299 630 386 710 sima
399 651 540 720 ,totum
565 626 802 705 inveniuntur
823 627 920 704 inter
940 625 1092 704 Bomion
1105 577 1156 704 aet
1178 625 1329 716 Bastiae,
1351 593 1436 743 ioco
1465 613 1642 734 quodam,
1677 629 1763 710 cui·

464 729 1539 914 sinsin‘in.i¹ttat¹iit¹’iimnitiis
1565 735 1738 916 iiiii
1833 839 1838 846 ·

191 931 199 940 ⁸
296 851 460 1024 glcptiriri']
496 861 756 1036 utupicmrae,
790 934 921 1031 quibus
951 933 1069 1010 ornati
1091 933 1174 1008 sunt
1198 937 1379 1052 parietes,¹
1408 892 1551 1016 colore's
1575 859 1738 1017 referiat

296 1041 350 1118 ita
386 1040 547 1126 vividos,
580 1063 624 1114 ac
656 1037 682 1112 fi
708 1061 829 1133 nuper
857 1038 1058 1114 admodum
1093 1035 1208 1120 esseut
1233 1039 1372 1114 inducti
1404 1043 1456 1130 u).
1517 1041 1736 1138 sculpturae

296 1164 386 1220 reru
412 1157 450 1219 et
476 1139 728 1238 inscriptiones
750 1161 839 1214 num
862 1137 978 1216 aotrso
1000 1133 1130 1226 insint,
1157 1161 1233 1214 non
1254 1135 1356 1217 cert'e
1378 1142 1558 1240 comperit
1584 1137 1757 1242 Ennia-l
1862 1219 1866 1230 ,
1953 1221 1956 1230 ,

298 1243 438 1322 stoniue
463 1251 517 1340 u).
550 1291 554 1300 .
575 1247 788 1323 statuarum
819 1263 985 1342 qnoque,
1024 1260 1245 1339 quamquam
1268 1243 1617 1338 praeteritarum
1639 1245 1737 1322 inco·

297 1347 420 1424 lumen
442 1345 565 1422 nullae
597 1345 844 1428 inveniuntur.
873 1346 1080 1444 fragmenta
1104 1345 1219 1419 multa
1247 1343 1307 1420 hic
1328 1344 1449 1422 illicne
1470 1343 1582 1442 sparsa
1609 1359 1736 1448 aperte
1875 1405 1882 1410 .

297 1449 452 1536 docent,
483 1447 686 1526 maxinmm
716 1469 842 1524 earum
875 1467 1071 1550 numerum
1102 1444 1152 1522 ibi
1186 1447 1372 1544 quondam
1408 1447 1600 1552 fuissem).
1651 1449 1736 1526 Duo

296 1550 478 1632 milliaria·
506 1547 659 1649 Angiica
692 1549 738 1624 ab
770 1573 861 1648 agro
885 1549 1075 1625 Bomiano
1110 1547 1302 1636 meridiem
1338 1549 1460 1626 versus
1499 1549 1736 1630 inveniuntur

297 1655 429 1732 mdera
451 1649 554 1728 urbis
579 1648 811 1748 (irrigantia,
837 1673 933 1749 quae
958 1649 1200 1748 antiquissimo
1220 1663 1387 1748 tempore
1408 1675 1429 1727 a
1451 1651 1736 1730 Muhamedanit
1819 1709 1825 1724 ·
1860 1731 1864 1736 .

296 1755 416 1832 diruta
441 1753 661 1849 perhibetur.
714 1755 905 1850 Reliquiae
932 1753 1182 1828 aedificiorum
1207 1752 1386 1849 lapidibus
1414 1753 1629 1832 structorum
1656 1759 1744 1855 par·'

286 1857 385 1933 -vum
417 1865 599 1948 occupant
623 1865 787 1928 montem
817 1854 970 1926 conicae
998 1853 1158 1942 formae,
1194 1853 1232 1927 io
1253 1851 1358 1931 cuius
1381 1854 1522 1933 summo
1549 1855 1653 1957 apice
1673 1855 1737 1935 ve'·

296 1956 397 2056 stigio
419 1955 540 2034 adbuc
561 1955 790 2051 reperiuntur
811 1953 934 2048 palatii
956 1965 1123 2031 veterum
1151 1975 1280 2053 regum
1298 1959 1352 2047 x).
1406 1958 1465 2034 An
1490 1959 1583 2035 haec
1604 1959 1736 2040 rudeto

291 2060 427 2138 -eaden
448 2055 535 2141 fiat,
561 2080 655 2155 quae
678 2056 776 2156 A'bu
801 2055 941 2132 Fazel
968 2055 1127 2153 appellat
1147 2069 1393 2134 monumentum
1417 2057 1593 2151 Zocirnrk,
1620 2061 1735 2160 quod·

146 2235 151 2244 ,
297 2183 370 2262 que
400 2159 611 2246 conditione
645 2159 729 2234 satis
763 2157 904 2258 integra¹
931 2159 1053 2234 adhuc
1091 2153 1266 2254 conspici,
1310 2157 1411 2244 testis
1436 2160 1506 2252 eit,
1539 2187 1586 2239 ex
1614 2163 1775 2260 verbio.
1939 2229 1943 2237 .

260 2345 274 2356 ,
300 2267 380 2341 eius
401 2261 495 2339 effici
520 2260 650 2362 nequit-
668 2263 722 2365 y).
769 2259 825 2352 'Et
843 2257 994 2334 omuino
1016 2256 1192 2335 concinna
1214 2258 1358 2351 amnia,
1384 2281 1487 2359 quau
1506 2263 1617 2342 modo
1642 2269 1735 2342 indi·

301 2367 486 2456 carimus,
511 2361 886 2462 aperegrinatoribue
907 2361 1045 2457 prosata
1069 2355 1168 2450 sont,
1193 2383 1303 2462 quarn
1326 2375 1369 2440 ut
1394 2387 1440 2440 ex
1464 2372 1507 2443 iia
1528 2365 1617 2466 quid
1643 2367 1735 2453 certi
1831 2403 1835 2410 ·

301 2471 421 2568 quoad
436 2477 759 2544 monumentorum
775 2475 937 2541 aetatem
954 2481 992 2541 et
1004 2477 1192 2541 auctorem
1209 2464 1378 2568 consequi
1398 2464 1576 2573 possimus.
1602 2467 1735 2552 Discat

299 2585 426 2648 tamen
454 2567 582 2644 exilia
607 2565 834 2655 recensione,
859 2577 959 2665 quot
983 2577 1194 2672 quantaque
1222 2581 1483 2665 monumenta,
1518 2573 1735 2652 accuratiori

271 2700 275 2709 ·
298 2667 714 2769 examinedigoissima,
740 2667 789 2744 ibi
809 2668 937 2746 adhuc
958 2669 1203 2748 inveniantur.
1261 2669 1385 2771 Aegre
1410 2671 1545 2750 idcirco
1566 2675 1733 2764 serimus,

271 2771 588 2954 'Eiplcrlirfrrsionium
623 2783 697 2848 tam
733 2791 862 2870 parum
902 2793 1037 2870 operae
1074 2771 1356 2874 antiquitatibus
1395 2773 1651 2856 describendis*
1678 2777 1734 2855 in-

299 2895 371 2978 pen
398 2900 408 2952 1
438 2899 470 2954 e.

416 3101 473 3180 ΙΙ.
499 3089 714 3198 Scriptorum
739 3097 779 3174 de
804 3105 1020 3178 monumentis
1044 3102 1225 3176 Bomiooir
1240 3103 1330 3198 ficies
1355 3114 1387 3178 at
1411 3071 1610 3182 auctoritas.

399 3249 564 3330 Maxime
585 3245 798 3324 dolendum.
814 3245 884 3334 est,
920 3269 1008 3333 uns,
1043 3249 1164 3346 quoad
1188 3261 1426 3330 monumenta
1449 3251 1645 3345 Bamiana,
1670 3256 1732 3334 de·
1817 3327 1820 3344 ,

299 3356 443 3436 stitutus
476 3351 547 3430 effe
579 3349 669 3426 teste
698 3347 844 3425 oculari.
910 3349 1057 3446 Hydius
1081 3349 1200 3436 euim,
1231 3373 1326 3448 quae
1352 3355 1504 3450 profert,
1541 3355 1658 3434 bausit
1684 3380 1733 3438 err

301 3461 392 3536 libro
426 3451 640 3550 Pirriaagi
670 3449 881 3546 Gibongsriri
905 3451 1029 3527 Indice
1057 3449 1275 3546 conscripto,
1311 3455 1370 3548 cui
1398 3471 1526 3534 auctor
1555 3461 1606 3536 est
1638 3461 1733 3542 Ebtt'
1822 3505 1827 3512 ·

299 3556 589 3642 Phacreddiu
627 3552 832 3651 Aegion,
868 3565 907 3630 et
932 3565 995 3630 ρκ’
1008 3551 1098 3628 libro
1123 3551 1270 3630 perfica·
1296 3551 1451 3656 Mosdir'k
1476 3559 1665 3649 Manilii,
1692 3566 1731 3640 in

301 3664 434 3762 quibus
473 3683 598 3737 revera
638 3655 843 3734 Orientales
882 3656 1072 3756 agnoscis,
1117 3653 1187 3730 alia
1231 3657 1330 3732 enim
1373 3657 1511 3736 'babent
1552 3663 1732 3752 sabulosa,

258 3767 261 3776 “
301 3767 371 3844 alia
399 3767 436 3841 in
456 3761 660 3840 inmensum
687 3771 917 3856 exaggerata.
977 3755 1076 3835 Abu
1110 3759 1248 3836 Fazel
1275 3757 1441 3838 continet
1466 3763 1613 3861 quidem
1644 3766 1762 3844 non-⁸

214 3941 217 3948 .
301 3868 418 3962 nulla,
444 3857 539 3972 quae
567 3863 613 3940 ab
637 3859 718 3938 asiis
743 3883 817 3938 nou
844 3857 1126 3952 confirmantur,
1160 3857 1234 3938 fide
1261 3875 1385 3970 tamen
1404 3863 1554 3965 ,dignior
1582 3866 1653 3946 esse
1679 3867 1732 3944 vi·

1623 3970 1732 4094 detut

340 4171 379 4251 e)
400 4119 490 4244 afim.
508 4127 626 4251 Rrssp.
643 4117 738 4252 464..Ι
1029 4235 1038 4248 ,
1108 4166 1142 4240 o)
1164 4169 1302 4229 Attum.
1321 4187 1351 4250 p.
1367 4177 1438 4246 487.

339 4281 389 4356 ra)
411 4258 501 4350 aiiii.
527 4271 590 4356 Res.
612 4294 640 4354 p.
654 4270 801 4352 t⁶i·⁶⁹·
844 4273 1129 4366 Ecrurnsroac’s
1153 4291 1281 4341 atroam.
1306 4295 1335 4356 p.
1350 4285 1423 4352 318.
1563 4335 1567 4343 ,

341 4396 379 4468 a)
400 4382 491 4461 Afirr.
514 4380 578 4466 sies.
602 4383 715 4466 prtia.
740 4380 811 4460 464.
1105 4378 1145 4464 y)
1168 4380 1264 4464 dycta
1285 4383 1410 4470 athaq.
1433 4391 1552 4478 pqtbs.
1596 4399 1600 4406 “

254 4495 258 4502 .
679 4509 681 4511 ,
1148 4497 1179 4574 Ζ
1205 4517 1229 4577 2
1615 4493 1622 4502 .
