4436 5388
893 419 1032 498 Cael.
1083 423 1187 518 Sues.
1287 501 1321 522 Ἢ
1651 383 1756 518 “,Ὶ9ς
1854 433 1858 444 ’

219 697 226 708 ,
318 622 357 700 el
380 615 551 698 orientali
581 619 683 700 cursu
713 621 832 724 fertur
853 621 904 716 r).
931 675 933 685 -
957 585 1121 720 Apparet
1146 622 1275 717 igitur,
1308 641 1391 699 eum
1418 621 1589 708 fluvium,
1622 622 1683 720 qui
1709 620 1749 702 io

306 725 439 822 ,Media
461 738 584 803 ortum
607 725 736 810 habet,
763 717 927 824 itemque
946 723 1042 825 'ligii
1066 725 1339 822 morimundi,
1360 725 1463 802 fuisse
1487 726 1661 801 Eulaeum
1688 728 1750 812 uel
1773 717 1779 736 '

313 828 538 925 choaspem.
600 830 669 916 Qui
703 819 836 904 lluvius
867 827 988 904 nullus
1013 825 1076 902 oisr
1105 829 1165 903 ille
1190 826 1261 902 else
1291 827 1420 924 potest,
1455 833 1516 926 qui
1539 829 1634 926 apud
1661 828 1748 904 Kio·
1822 853 1826 860 ·

313 929 457 1004 neirum
489 929 592 1005 audit
619 929 753 1014 Keraia
787 929 849 1005 hic
878 953 964 1006 vero
996 953 1042 1002 ex
1071 951 1142 1004 una
1167 939 1310 1004 tantum
1340 943 1443 1026 parte
1467 931 1540 1004 iam
1568 929 1745 1026 quadrare
1856 1015 1868 1036 ·

303 1031 460 1108 'videtur
485 1051 567 1106 cum
592 1033 782 1128 Choaspe,
810 1032 943 1132 quippe
964 1029 1117 1110 scilicet,
1152 1029 1350 1106 secundum
1373 1029 1534 1126 Kinoeiri
1561 1051 1744 1128 mappam,

271 1155 388 1212 »που
411 1133 454 1208 io
478 1130 594 1208 smum
626 1131 821 1222 Persicum,
863 1133 923 1210 sed
948 1135 985 1216 in
1007 1133 1132 1226 Tigrin
1153 1129 1370 1224 effunditur,
1395 1132 1601 1242 quodpero
1619 1133 1745 1210 Arrhi·
1797 1183 1803 1206 .

262 1299 264 1306 .
301 1238 373 1312 ἐπὶ
409 1236 458 1311 de
488 1233 671 1331 Choaspe,
694 1235 898 1314 testimonio
926 1245 1123 1354 repugnat,
1179 1234 1218 1310 lo
1245 1257 1316 1332 qua
1344 1231 1557 1308 difficultate
1583 1231 1744 1312 tollenda

310 1358 385 1411 non
413 1338 672 1432 monofogia,
705 1351 747 1416 ut
771 1335 984 1414 llinneirum
1013 1359 1050 1412 ro
1079 1333 1332 1411 constituendo
1363 1335 1435 1439 hqc
1458 1334 1569 1411 fluvio
1598 1337 1744 1444 inaccu·
1809 1378 1813 1392 ·

302 1439 423 1532 ,ratius
442 1438 551 1533 egisse
573 1452 717 1535 putem,
745 1441 844 1538 qu'od
862 1464 936 1516 oon
957 1437 1161 1514 consentiat
1179 1459 1264 1532 eum
1284 1437 1464 1524 llloriero,
1486 1439 1599 1540 cuius,
1610 1460 1742 1536 mappa

309 1546 346 1618 in
372 1541 442 1616 hac
470 1564 510 1616 re
531 1563 615 1616 cunr
642 1553 809 1618 veterum
832 1539 1045 1632 testimoniis
1071 1539 1189 1634 magis
1207 1540 1383 1638 quadrat,
1410 1537 1469 1616 sed
1494 1539 1644 1616 fluuium
1670 1539 1743 1616 Ke-

116 1725 122 1734 ,
239 1637 252 1647 ’
300 1641 387 1728 ralr,
411 1641 484 1718 iam
508 1643 547 1717 in
569 1641 694 1738 Tigrin
718 1643 792 1740 (rel
812 1642 1066 1742 Schotelarab)
1090 1639 1126 1716 se
1148 1655 1424 1732 exonerantem,
1440 1641 1536 1718 olim
1563 1649 1599 1718 in
1624 1635 1742 1721 linum

191 1769 235 1796 ··
300 1740 491 1820 Persarum
527 1741 681 1820 effusum
711 1759 810 1842 puto.
873 1749 977 1831 Quae
1009 1743 1157 1840 quidem
1192 1739 1293 1819 fluvii
1324 1741 1448 1818 cursus
1477 1744 1633 1820 mutatio
1664 1765 1741 1842 nup
1799 1791 1807 1804 ·
1875 1782 1885 1798 ··
1991 1837 1995 1844 1

306 1844 415 1918 'valde
439 1845 572 1922 mirum
598 1843 750 1924 habebit
779 1845 886 1934 eum,
921 1849 983 1945 qui
1016 1843 1232 1932 meminerit,
1265 1845 1446 1919 maximos
1476 1847 1569 1922 adeo
1598 1839 1762 1932 Persrae'
1842 1865 1849 1882 ·

306 1945 455 2036 flaons,
489 1945 541 2026 ita
572 1943 678 2045 saepe
710 1950 836 2046 paucis
869 1945 1020 2024 saeculis
1052 1944 1301 2045 praeterlapsis
1329 1946 1470 2024 cursum
1499 1945 1672 2038 mutasse,
1699 1955 1742 2022 ut

234 2064 238 2072 ·
307 2045 524 2146 difficilest
555 2071 619 2124 eos
648 2069 861 2143 agnoscere.
922 2045 1033 2149 Hanc
1061 2047 1255 2124 fluviorum
1287 2056 1529 2138 mutationem
1556 2051 1593 2126 io
1616 2045 1738 2128 Persia
1855 2051 1861 2082 ¹

225 2141 235 2162 ¹
305 2151 479 2228 admittas
502 2150 644 2244 necesse
668 2151 737 2240 est,
763 2170 875 2249 quum
900 2152 1009 2249 piane
1038 2148 1126 2226 lieri-
1142 2163 1321 2246 nequeat,
1347 2167 1389 2227 ut
1415 2165 1579 2230 veterum
1611 2152 1659 2225 de
1689 2149 1737 2252 ita
1765 2239 1769 2248 .

306 2251 509 2328 teliimooia
535 2274 618 2342 cum
647 2258 961 2358 perqgrinatorum
993 2253 1136 2330 nunciis
1164 2251 1369 2328 consentire
1393 2251 1525 2336 sanim.
1559 2305 1571 2350 ·.
1589 2249 1668 2340 Qua
1698 2251 1739 2330 in

298 2377 346 2451 re
370 2355 530 2432 notanda
555 2353 783 2453 saepen-me
803 2353 1092 2432 consentientem
1127 2353 1261 2436 habere
1284 2353 1496 2432 Kinneirunr
1520 2352 1567 2444 s),
1593 2353 1737 2458 suisip·

299 2453 376 2530 stus
398 2455 521 2532 voculis
545 2455 700 2553 idipsum
728 2471 934 2555 expertum.
985 2460 1028 2544 ln
1054 2455 1194 2544 Eulaeo
1217 2455 1371 2554 ipse-ille
1390 2455 1516 2532 alveus
1534 2453 1641 2533 'causa
1662 2450 1735 2529 for·

305 2557 394 2634 tasse
424 2559 495 2634 fuit
533 2558 911 2636 cursua‘mutatioois,
971 2555 1137 2634 Fluvium
1174 2555 1289 2635 Kerosr
1323 2557 1433 2653 igitur
1466 2581 1530 2654 pro
1567 2557 1735 2634 veterum
1808 2643 1812 2654 ,

303 2659 444 2738 Eulaeo
475 2657 605 2736 habeo.
625 2661 710 2756 (qui
736 2661 832 2754 idem
852 2683 896 2738 ac
917 2659 1148 2760 Choaspes),
1165 2661 1346 2750 ,adonius
1372 2659 1487 2761 ripam
1517 2657 1735 2745 orientalem
1768 2739 1771 2744 ,
1862 2703 1893 2766 .'

302 2761 392 2841 Susa
417 2760 481 2840 lita
502 2759 605 2840 sulli'e
627 2775 790 2841 autumo.
856 2771 860 2778 '
1167 2760 1170 2772 '
1481 2765 1484 2771 '

568 2945 573 2954 ’
724 2946 803 3045 ΙΙΙ.
842 2963 1045 3074 Susorum
1083 2963 1307 3070 reliquiar·

267 3191 275 3202 ,
401 3117 486 3196 Duo
518 3109 682 3206 milliaria
711 3115 932 3197 Germanica
972 3119 1137 3196 occasum
1177 3119 1300 3196 versus
1333 3113 1388 3195 ab
1430 3113 1519 3196 urbe
1553 3111 1732 3194 hodierna

258 3225 261 3236 '
299 3217 467 3320 Dezphdl
502 3222 680 3318 incipiunt
706 3224 834 3298 rudera
864 3223 963 3298 urbis
988 3217 1113 3309 Scias,
1138 3220 1217 3314 (sub
1240 3223 1311 3316 32⁰
1330 3213 1365 3309 δ’
1378 3222 1470 3298 latit.
1487 3220 1560 3315 480
1585 3210 1639 3306 ις’
1655 3217 1732 3291 lun·

252 3409 255 3414 ,
299 3321 392 3422 git).
435 3323 641 3418 ¹Kinneirus
663 3319 801 3420 primus
826 3323 894 3409 eli,
919 3325 979 3418 qui
1001 3325 1190 3422 regionem
1213 3321 1308 3398 illam
1332 3321 1546 3400 accuratiori
1562 3316 1731 3392 vertamini
1799 3393 1804 3412 ,
1938 3375 1943 3394 .

293 3419 474 3505 subiecita
499 3437 593 3520 quae
615 3421 721 3500 affert
740 3426 891 3502 Otterus
916 3429 968 3519 t),
990 3423 1134 3504 leuioris
1159 3423 1239 3498 sunt
1262 3427 1460 3512 momenti,
1488 3417 1649 3499 leuissimi
1671 3441 1730 3497 ve·
1807 3471 1811 3478 -

134 3556 156 3590 .·
211 3557 218 3572 ·
298 3547 455 3623 roquae
480 3525 845 3618 habet‘Tauernle'rus
867 3531 922 3620 u).
976 3527 1121 3604 Rudera
1143 3523 1201 3602 illa
1226 3521 1272 3600 ad
1296 3529 1363 3604 tria
1387 3525 1551 3604 milliaria
1575 3525 1728 3602 Germa·
1852 3529 1864 3554 ⁶

297 3627 384 3704 oica
404 3629 440 3706 io
467 3627 773 3720 orientaliglatere
795 3625 896 3706 slusii
924 3625 1041 3706 Keralr
1067 3627 1103 3704 se
1129 3628 1354 3707 extendunt-
1376 3682 1383 3694 .
1407 3629 1554 3726 Similia.
1573 3625 1653 3699 suot
1671 3625 1729 3713 iis,

216 3789 220 3796 -
298 3747 393 3826 quae
415 3723 617 3828 Babylonis
649 3730 895 3832 Ctesiphontis
928 3745 967 3808 et
998 3727 1119 3817 Kusae
1147 3729 1291 3808 urbium
1326 3727 1500 3828 reliquiae
1528 3723 1727 3806 habentur}

296 3831 382 3910 sunt
405 3829 557 3915 scilicet
602 3833 734 3910 tumuli
783 3833 936 3913 terracei
983 3849 1021 3910 et
1071 3855 1226 3929 aggeres
1275 3831 1467 3909 coctilibus
1516 3828 1726 3926 tegulisque

298 3935 494 4032 variegatis
538 3933 715 4037 conspersi
758 3939 812 4033 u).
893 3937 1132 4016 Tumulorum
1175 3933 1326 4042 maximi
1369 3936 1467 4036 iique
1507 3943 1635 4011 omaro
1675 3931 1727 4006 di·

1511 4109 1516 4118 ,
1573 4027 1727 4132 goiffimi

336 4233 367 4324 a)
387 4237 536 4300 srrnso
559 4235 625 4316 xv.
645 4211 715 4331 rid,
847 4315 854 4336 ·
1129 4233 1163 4317 r)
1184 4251 1213 4322 p.
1231 4239 1300 4319 164.
1454 4255 1457 4262 ¹

335 4339 558 4527 :3215me
585 4467 613 4534 p.
629 4438 685 4530 qq.
727 4447 793 4512 Tire
814 4449 899 4534 ruins
921 4445 960 4514 os
979 4445 1068 4514 sahso
1092 4343 1366 4516 napaei.)
1386 4447 1434 4514 rire
1451 4448 1561 4514 eastern
1578 4445 1725 4594 oaolrssqf
1840 4461 1845 4470 ·
