4364 5394
548 475 637 551 Car.
660 475 685 546 l.
702 471 935 560 fenearum
964 487 1092 542 aureo
1120 467 1449 546 Tenuit-Mrnaa.
1489 551 1513 571 ¹,
1659 495 1707 550 ur

278 692 420 785 partem
452 675 622 780 praebet,
661 687 738 770 qua·
764 618 922 770 primum
948 667 1071 751 oeulis
1105 617 1325 745 oiiioiuntnr
1345 667 1434 746 duo
1461 631 1637 766 parietem
1672 651 1712 752 in

278 807 432 884 quorum
460 795 617 874 utroque
648 773 815 872 animalis
843 771 1033 848 cuiusdam
1068 769 1217 846 fabulosi
1252 769 1366 870 figura
1400 769 1560 850 ooloffica
1592 770 1712 852 excisa
1850 762 1859 784 ‘

278 891 338 964 eit.
393 873 722 971 Qurtuor'deiade
759 873 846 950 fitae
877 887 982 950 erant
1015 873 1227 957 columnae.
1269 895 1424 970 quarum
1458 873 1554 952 duta
1587 865 1711 954 adhuc

277 987 486 1090 supersunt,
512 1005 603 1080 quas
623 981 756 1054 iterum
778 974 912 1050 ssmiles
938 979 1124 1072 excipiunt
1145 973 1323 1073 parietes,
1352 971 1527 1072 srmilibus
1549 975 1713 1056 instructi
1814 987 1821 998 ‘
1887 1073 1891 1088 Ι

276 1088 504 1166 animalibus.
564 1083 737 1158 introitus
764 1077 826 1155 hic
855 1075 959 1153 inille
990 1077 1135 1152 videtur
1168 1073 1280 1152 totius
1299 1075 1483 1175 aedilicii.
1548 1078 1638 1156 lude
1664 1079 1713 1156 ad

275 1212 426 1270 manum
451 1189 618 1262 dextram
641 1183 775 1258 iterum
803 1178 998 1278 perseniae
1024 1175 1196 1254 aseensus
1220 1177 1271 1254 est
1294 1180 1340 1254 ad
1361 1179 1558 1266 secundam
1581 1203 1712 1261 monu-

273 1290 392 1385 menti
414 1302 575 1390 partem,
601 1299 686 1362 octo
707 1284 820 1382 pedea
846 1280 956 1378 priori
977 1279 1157 1358 altiorem.
1210 1281 1261 1358 lbi
1288 1280 1485 1359 columnae
1504 1279 1593 1362 sitae
1615 1281 1710 1370 sunt,

250 1389 537 1492 auinquaginta
563 1389 698 1486 pedum
720 1385 933 1488 altitudine,
960 1405 1078 1480 eaque
1108 1379 1278 1466 orallrtie.
1312 1395 1363 1458 nt·
1379 1381 1488 1461 trium
1517 1384 1733 1473 hominum,

273 1495 486 1595 amplexum
512 1488 857 1662 expleanmstotur}
874 1482 1082 1658 aedificium
1097 1484 1231 1660 ¹abhiia
1254 1487 1392 1562 nomen
1421 1485 1539 1562 traxit.
1590 1487 1722 1607 iffari'eq
1765 1501 1768 1514 '

229 1741 233 1753 .
271 1595 1244 1804 mititattttttt.'ittttittttttt
1270 1587 1711 1770 ttttttitttt

272 1802 310 1878 se
329 1799 549 1876 certantium
579 1791 720 1888 effigies
749 1786 881 1866 filiunt.
944 1786 1168 1866 Aedriicium
1199 1785 1268 1887 hac
1296 1799 1398 1883 parte
1419 1797 1463 1862 ut
1484 1787 1603 1867 monti
1631 1813 1711 1889 pro.

270 1903 432 1986 almum,
458 1901 508 1976 ita
533 1908 572 1974 et
588 1894 728 1970 ambitu
750 1891 953 1968 maximum
978 1887 1048 1972 esta
1076 1887 1235 1985 parietes
1254 1887 1709 1987 multisfiguriainiiructi

271 2003 373 2092 sunt,
400 2008 495 2080 inter
508 2020 607 2098 'quas
629 2017 755 2090 regem
776 1991 860 2070 ieiia
884 1990 984 2085 regia
1010 1989 1199 2068 sedentem
1218 2011 1294 2066 nou
1319 1989 1479 2084 ignores.
1533 1991 1616 2069 Alia
1639 1997 1709 2074 mi-
1814 2032 1816 2036 ¹

271 2103 374 2182 noris
397 2102 594 2178 structurae
613 2095 779 2174 aedificia
801 2094 890 2170 inde
911 2094 960 2168 ad
982 2093 1214 2170 occidentem
1238 2090 1361 2168 versus
1382 2087 1572 2182 fita'snnt‚
1599 2118 1706 2192 quae,

114 2239 124 2256 ·
270 2227 388 2303 qnnm
411 2205 544 2278 itenrm
572 2197 686 2274 solum
709 2197 841 2277 elatius
866 2209 1068 2288 occupent,
1101 2195 1246 2273 tertiam
1274 2195 1388 2270 totius
1415 2195 1707 2292 operispartem

272 2301 419 2382 efficere
448 2303 519 2376 dici
550 2299 703 2397 poliunt.
758 2295 985 2375 Remotioris
1013 2297 1107 2370 haee
1133 2295 1205 2372 elle
1228 2293 1400 2370 videntur
1428 2296 1563 2374 aetatis
1595 2321 1708 2400 ςυειιι

272 2418 416 2496 oetera;
432 2387 636 2502 temptoria
660 2419 779 2528 aeque
803 2417 847 2472 ao
870 2393 994 2474 omnia
1020 2396 1159 2496 reliqna
1184 2390 1311 2474 multis
1336 2397 1538 2476 abundant.
1637 2507 1646 2529 ι
1686 2439 1695 2458 ·

374 2583 584 2688 Eragione
616 2583 727 2660 huius
755 2577 913 2658 aedificii
946 2601 1054 2659 mons
1086 2577 1278 2656 Rachmed
1312 2566 1600 2660 ¹monumentum
1633 2581 1708 2684 spe.

273 2693 446 2771 ntandum
469 2675 619 2787 praebet
636 2707 747 2782 quarn
767 2684 929 2760 maxime
949 2681 1199 2759 memorabile.
1251 2683 1385 2777 Magna
1406 2683 1568 2780 lapidum
1587 2687 1706 2762 moles
1832 2709 1836 2723 ·

274 2795 419 2878 mediae
439 2788 515 2866 lere
534 2788 674 2866 montis
695 2785 774 2882 rupi
795 2797 942 2862 exemto
964 2781 1032 2872 est,
1060 2797 1100 2860 ut
1124 2782 1435 2881 perpendicularis
1458 2781 1565 2862 fieret
1586 2779 1705 2884 super·

275 2895 396 2978 ficies,
422 2913 531 2986 quam
553 2889 689 2964 deinde
708 2886 834 2962 multia
856 2883 1046 2982 sculpturis
1069 2883 1246 2984 perpolite
1272 2887 1442 2960 omnibus
1463 2885 1581 2961 incifis
1604 2911 1706 2972 orna,

274 2992 491 3070 vitartiiex.
542 2990 675 3080 Totum
702 2985 794 3069 hoc,
828 2985 925 3056 inter
946 2983 1214 3076 Persepoiitana
1246 2985 1354 3058 facile
1384 2983 1625 3081 graviffimum
1652 3015 1705 3066 ar·
1859 2989 1867 3012 '

274 3099 326 3173 tis
354 3117 447 3189 opus
471 3089 573 3176 sistit,
610 3110 654 3160 ex
679 3081 855 3161 Clrardini
879 3079 1001 3175 effigie
1024 3081 1166 3165 LXVII.
1193 3079 1315 3158 tabula
1341 3083 1456 3159 nolira
1484 3087 1507 3160 l.
1561 3087 1707 3168 Frontis

275 3195 431 3274 latitudo
459 3190 684 3290 septuaginta
710 3198 748 3260 et
771 3185 927 3272 duorum
960 3182 1093 3279 pedum
1122 3181 1189 3268 est,
1222 3185 1375 3259 altitudo
1403 3199 1550 3264 centum
1581 3205 1620 3266 et
1644 3195 1704 3269 tri·
1738 3221 1781 3286 ·,

276 3303 390 3395 ginta.
444 3297 572 3372 Simile
589 3311 682 3390 opus
706 3285 891 3386 paululum
914 3285 1001 3362 inde
1020 3283 1209 3360 meridiem
1229 3285 1351 3362 versus
1371 3287 1407 3362 in
1429 3290 1558 3364 eodem
1580 3307 1707 3370 monte

275 3398 439 3476 excisum
471 3395 540 3483 eil;
581 3411 702 3487 aqpo
730 3389 863 3463 iterum
895 3397 1061 3484 quartam
1101 3385 1213 3460 horae
1242 3388 1522 3484 partem,‚ditlat
1555 3395 1704 3474 tertium
1828 3438 1833 3446 ·

276 3501 443 3579 eiusdem
469 3495 616 3596 generis
644 3487 913 3613 anaglyphum,
939 3509 1014 3564 non
1035 3481 1177 3592 prorsus
1194 3509 1286 3616 ,vero
1312 3491 1528 3590 perfectum.

478 3783 483 3794 ·
628 3747 674 3826 V.
732 3746 1122 3826 commentatorum
1157 3743 1357 3846 recensio.

379 3903 677 3998 peregrinatorer
702 3899 781 3978 iere
802 3923 933 3978 omnes
957 3923 1070 4003 quum
1095 3923 1166 3984 nee
1186 3897 1355 3978 historiae
1379 3920 1450 3974 nec
1471 3899 1560 3976 artis
1588 3911 1708 4000 cogni.

280 4011 381 4090 tione
404 4009 509 4104 ualde
531 4001 645 4078 elient
663 4001 800 4088 inbuti,
826 4003 976 4082 minoris
997 4001 1178 4092 momenti
1201 4001 1359 4078 habendi
1386 3997 1466 4078 suut
1484 4005 1605 4104 ‹proad
1626 4007 1710 4082 Per·

159 4167 167 4178 .
282 4113 478 4210 [apolitana
513 4104 737 4203 explicanda,
798 4105 934 4181 Eorum
960 4107 1069 4208 igitur
1093 4105 1295 4183 sententias
1318 4103 1479 4179 excludit
1509 4107 1601 4182 haec
1625 4130 1709 4186 mea

280 4211 523 4292 enumeratio.
574 4206 726 4304 Reliqua
749 4228 836 4282 vero
857 4207 1061 4304 explicandi
1085 4207 1279 4286 conamina
1306 4207 1356 4281 ita
1385 4206 1547 4294 afferam,
1574 4220 1615 4282 ut
1641 4211 1711 4310 pri.

154 4305 158 4312 ²
280 4339 383 4396 mum
411 4314 459 4388 de
484 4307 638 4386 iis'viris
662 4307 813 4384 eruditis
834 4308 978 4406 loquar,
1005 4311 1149 4410 quipael
1170 4311 1206 4385 in
1233 4307 1437 4384 universum
1462 4309 1514 4384 de·
1530 4307 1711 4407 Persepoli

138 4445 143 4458 ·
282 4416 501 4498 sententiam
525 4411 761 4512 protulerint,
786 4411 845 4492 ael
868 4423 1011 4512 partem
1038 4413 1119 4492 eius
1141 4413 1393 4512 explicandam
1417 4409 1481 4490 irbi
1503 4407 1711 4496 sumserinta
1824 4453 1829 4466 ·

1015 4549 1020 4558 ·
1101 4515 1135 4594 Β
1161 4533 1185 4598 2
1574 4513 1710 4594 deinde
