<?xml version="1.0" encoding="UTF-8"?>
<!DOCTYPE html PUBLIC "-//W3C//DTD XHTML 1.0 Transitional//EN"
    "http://www.w3.org/TR/xhtml1/DTD/xhtml1-transitional.dtd">
<html xmlns="http://www.w3.org/1999/xhtml" xml:lang="en" lang="en">
 <head>
  <title>
</title>
<meta http-equiv="Content-Type" content="text/html;charset=utf-8" />
  <meta name='ocr-system' content='tesseract 3.04.00' />
  <meta name='ocr-capabilities' content='ocr_page ocr_carea ocr_par ocr_line ocrx_word'/>
</head>
<body>
  <div class='ocr_page' id='page_1' title='image "./veterismediaeet01hoecgoog_0201.png"; bbox 0 0 4436 5388; ppageno 0'>
   <div class='ocr_carea' id='block_1_1' title="bbox 492 380 1982 542">
    <p class='ocr_par' dir='ltr' id='par_1_1' title="bbox 492 380 1982 542">
     <span class='ocr_line' id='line_1_1' title="bbox 492 380 1982 542; baseline 0.013 -50"><span class='ocrx_word' id='word_1_1' title='bbox 492 380 571 502; x_wconf 65' lang='lat' dir='ltr'><strong>iot</strong></span> <span class='ocrx_word' id='word_1_2' title='bbox 621 397 948 492; x_wconf 64' lang='lat' dir='ltr'><strong>inessentialia</strong></span> <span class='ocrx_word' id='word_1_3' title='bbox 967 399 1119 521; x_wconf 70' lang='lat' dir='ltr'><strong>ueneat</strong></span> <span class='ocrx_word' id='word_1_4' title='bbox 1136 432 1341 530; x_wconf 76' lang='lat' dir='ltr'><strong>occroeua.</strong></span> <span class='ocrx_word' id='word_1_5' title='bbox 1369 399 1927 542; x_wconf 57' lang='lat' dir='ltr'><strong>sanemur.‘Manat-Menon</strong></span> <span class='ocrx_word' id='word_1_6' title='bbox 1976 422 1982 430; x_wconf 77' lang='lat'>&#39;</span> 
     </span>
    </p>
   </div>
   <div class='ocr_carea' id='block_1_2' title="bbox 255 595 2046 1449">
    <p class='ocr_par' dir='ltr' id='par_1_2' title="bbox 255 595 2046 1133">
     <span class='ocr_line' id='line_1_2' title="bbox 255 595 1996 739; baseline 0.019 -51"><span class='ocrx_word' id='word_1_7' title='bbox 255 599 263 618; x_wconf 83' lang='lat'>&#39;</span> <span class='ocrx_word' id='word_1_8' title='bbox 373 595 380 620; x_wconf 90' lang='lat'><em>&#39;</em></span> <span class='ocrx_word' id='word_1_9' title='bbox 498 609 918 716; x_wconf 75' lang='lat' dir='ltr'><strong>obtinaliaranemill.</strong></span> <span class='ocrx_word' id='word_1_10' title='bbox 950 615 1119 703; x_wconf 74' lang='lat' dir='ltr'><strong>exhibet,</strong></span> <span class='ocrx_word' id='word_1_11' title='bbox 1157 639 1246 698; x_wconf 88' lang='lat' dir='ltr'><strong>num</strong></span> <span class='ocrx_word' id='word_1_12' title='bbox 1280 622 1543 726; x_wconf 68' lang='lat' dir='ltr'><strong>benignae,</strong></span> <span class='ocrx_word' id='word_1_13' title='bbox 1575 632 1925 736; x_wconf 79' lang='lat' dir='ltr'><strong>&#39;utrae‘inperlnrent</strong></span> <span class='ocrx_word' id='word_1_14' title='bbox 1978 693 1996 739; x_wconf 22' lang='lat'><strong>.-</strong></span> 
     </span>
     <span class='ocr_line' id='line_1_3' title="bbox 497 717 1927 820; baseline 0.017 -24"><span class='ocrx_word' id='word_1_15' title='bbox 497 717 595 796; x_wconf 86' lang='lat' dir='ltr'><strong>antri</strong></span> <span class='ocrx_word' id='word_1_16' title='bbox 615 733 755 818; x_wconf 84' lang='lat' dir='ltr'><strong>partem</strong></span> <span class='ocrx_word' id='word_1_17' title='bbox 778 733 978 817; x_wconf 71' lang='lat' dir='ltr'><strong>occupant4</strong></span> <span class='ocrx_word' id='word_1_18' title='bbox 1008 746 1073 798; x_wconf 89' lang='lat' dir='ltr'><strong>eos</strong></span> <span class='ocrx_word' id='word_1_19' title='bbox 1092 719 1233 810; x_wconf 84' lang='lat' dir='ltr'><strong>lilium,</strong></span> <span class='ocrx_word' id='word_1_20' title='bbox 1257 725 1317 818; x_wconf 90' lang='lat' dir='ltr'><strong>qui</strong></span> <span class='ocrx_word' id='word_1_21' title='bbox 1343 729 1481 806; x_wconf 78' lang='lat' dir='ltr'><strong>Vareni·</strong></span> <span class='ocrx_word' id='word_1_22' title='bbox 1498 733 1534 808; x_wconf 90' lang='lat' dir='ltr'><strong>in</strong></span> <span class='ocrx_word' id='word_1_23' title='bbox 1559 735 1839 817; x_wconf 80' lang='lat' dir='ltr'><strong>administrando</strong></span> <span class='ocrx_word' id='word_1_24' title='bbox 1855 745 1927 820; x_wconf 90' lang='lat' dir='ltr'><strong>im·</strong></span> 
     </span>
     <span class='ocr_line' id='line_1_4' title="bbox 495 821 1940 941; baseline 0.017 -46"><span class='ocrx_word' id='word_1_25' title='bbox 495 821 600 920; x_wconf 82' lang='lat' dir='ltr'><strong>perio</strong></span> <span class='ocrx_word' id='word_1_26' title='bbox 633 821 818 898; x_wconf 81' lang='lat' dir='ltr'><strong>adiutores</strong></span> <span class='ocrx_word' id='word_1_27' title='bbox 845 821 1022 899; x_wconf 73' lang='lat' dir='ltr'><strong>fuerunt?</strong></span> <span class='ocrx_word' id='word_1_28' title='bbox 1070 824 1145 900; x_wconf 86' lang='lat' dir='ltr'><strong>Sed</strong></span> <span class='ocrx_word' id='word_1_29' title='bbox 1176 827 1306 904; x_wconf 85' lang='lat' dir='ltr'><strong>etalii</strong></span> <span class='ocrx_word' id='word_1_30' title='bbox 1337 844 1507 923; x_wconf 83' lang='lat' dir='ltr'><strong>potentes</strong></span> <span class='ocrx_word' id='word_1_31' title='bbox 1543 857 1676 932; x_wconf 83' lang='lat' dir='ltr'><strong>reges,</strong></span> <span class='ocrx_word' id='word_1_32' title='bbox 1706 838 1802 918; x_wconf 89' lang='lat' dir='ltr'><strong>iuter</strong></span> <span class='ocrx_word' id='word_1_33' title='bbox 1834 849 1940 941; x_wconf 78' lang='lat' dir='ltr'><strong>quos</strong></span> 
     </span>
     <span class='ocr_line' id='line_1_5' title="bbox 497 911 2046 1046; baseline 0.016 -46"><span class='ocrx_word' id='word_1_34' title='bbox 497 924 660 1000; x_wconf 85' lang='lat' dir='ltr'><strong>Cosroes</strong></span> <span class='ocrx_word' id='word_1_35' title='bbox 688 923 973 1000; x_wconf 81' lang='lat' dir='ltr'><strong>Anuscervaues</strong></span> <span class='ocrx_word' id='word_1_36' title='bbox 1002 937 1042 999; x_wconf 85' lang='lat' dir='ltr'><strong>et</strong></span> <span class='ocrx_word' id='word_1_37' title='bbox 1071 927 1229 1002; x_wconf 87' lang='lat' dir='ltr'><strong>Cosroes</strong></span> <span class='ocrx_word' id='word_1_38' title='bbox 1252 911 1450 1020; x_wconf 73' lang='lat' dir='ltr'><strong>Ilurones,</strong></span> <span class='ocrx_word' id='word_1_39' title='bbox 1487 935 1655 1034; x_wconf 86' lang='lat' dir='ltr'><strong>utsupra</strong></span> <span class='ocrx_word' id='word_1_40' title='bbox 1680 939 1856 1033; x_wconf 82' lang='lat' dir='ltr'><strong>vidimus,</strong></span> <span class='ocrx_word' id='word_1_41' title='bbox 1887 950 1928 1023; x_wconf 92' lang='lat' dir='ltr'><strong>in</strong></span> <span class='ocrx_word' id='word_1_42' title='bbox 1999 1039 2003 1046; x_wconf 25' lang='grc' dir='ltr'>Ι</span> <span class='ocrx_word' id='word_1_43' title='bbox 2040 1005 2046 1010; x_wconf 87' lang='grc'>-</span> 
     </span>
     <span class='ocr_line' id='line_1_6' title="bbox 495 1023 2021 1133; baseline 0.016 -31"><span class='ocrx_word' id='word_1_44' title='bbox 495 1023 588 1122; x_wconf 88' lang='lat' dir='ltr'><strong>urbe</strong></span> <span class='ocrx_word' id='word_1_45' title='bbox 611 1024 870 1102; x_wconf 85' lang='lat' dir='ltr'><strong>Kirmanschah</strong></span> <span class='ocrx_word' id='word_1_46' title='bbox 892 1026 1229 1119; x_wconf 76' lang='lat' dir='ltr'><strong>commorabantur,</strong></span> <span class='ocrx_word' id='word_1_47' title='bbox 1248 1029 1366 1127; x_wconf 78' lang='lat' dir='ltr'><strong>‘eique</strong></span> <span class='ocrx_word' id='word_1_48' title='bbox 1390 1037 1669 1133; x_wconf 81' lang='lat' dir='ltr'><strong>amplificandae</strong></span> <span class='ocrx_word' id='word_1_49' title='bbox 1691 1053 1731 1118; x_wconf 91' lang='lat' dir='ltr'><strong>et</strong></span> <span class='ocrx_word' id='word_1_50' title='bbox 1754 1047 1928 1126; x_wconf 90' lang='lat' dir='ltr'><strong>decoran-</strong></span> <span class='ocrx_word' id='word_1_51' title='bbox 2018 1116 2021 1126; x_wconf 90' lang='lat'><strong><em>.</em></strong></span> 
     </span>
    </p>

    <p class='ocr_par' dir='ltr' id='par_1_3' title="bbox 374 1125 1927 1449">
     <span class='ocr_line' id='line_1_7' title="bbox 374 1125 1927 1240; baseline 0.017 -39"><span class='ocrx_word' id='word_1_52' title='bbox 374 1177 378 1185; x_wconf 22' lang='grc' dir='ltr'><strong>Α</strong></span> <span class='ocrx_word' id='word_1_53' title='bbox 497 1126 570 1203; x_wconf 87' lang='lat' dir='ltr'><strong>dae</strong></span> <span class='ocrx_word' id='word_1_54' title='bbox 594 1148 743 1223; x_wconf 81' lang='lat' dir='ltr'><strong>operam</strong></span> <span class='ocrx_word' id='word_1_55' title='bbox 763 1125 1021 1224; x_wconf 82' lang='lat' dir='ltr'>inpenderunt.</span> <span class='ocrx_word' id='word_1_56' title='bbox 1072 1129 1222 1205; x_wconf 87' lang='lat' dir='ltr'><strong>Cosrois</strong></span> <span class='ocrx_word' id='word_1_57' title='bbox 1247 1154 1393 1231; x_wconf 90' lang='lat' dir='ltr'><strong>quoque</strong></span> <span class='ocrx_word' id='word_1_58' title='bbox 1415 1141 1602 1235; x_wconf 84' lang='lat' dir='ltr'><strong>potentiae</strong></span> <span class='ocrx_word' id='word_1_59' title='bbox 1630 1165 1741 1240; x_wconf 85' lang='lat' dir='ltr'><strong>quam</strong></span> <span class='ocrx_word' id='word_1_60' title='bbox 1764 1149 1927 1229; x_wconf 83' lang='lat' dir='ltr'><strong>maxime</strong></span> 
     </span>
     <span class='ocr_line' id='line_1_8' title="bbox 497 1227 1925 1350; baseline 0.024 -48"><span class='ocrx_word' id='word_1_61' title='bbox 497 1229 672 1305; x_wconf 84' lang='lat' dir='ltr'><strong>convenit</strong></span> <span class='ocrx_word' id='word_1_62' title='bbox 696 1251 811 1330; x_wconf 79' lang='lat' dir='ltr'><strong>eques</strong></span> <span class='ocrx_word' id='word_1_63' title='bbox 831 1227 908 1319; x_wconf 88' lang='lat' dir='ltr'><strong>iile,</strong></span> <span class='ocrx_word' id='word_1_64' title='bbox 931 1229 1032 1308; x_wconf 88' lang='lat' dir='ltr'><strong>omni</strong></span> <span class='ocrx_word' id='word_1_65' title='bbox 1053 1229 1202 1307; x_wconf 82' lang='lat' dir='ltr'><strong>vellitus</strong></span> <span class='ocrx_word' id='word_1_66' title='bbox 1226 1245 1266 1308; x_wconf 87' lang='lat' dir='ltr'><strong>et</strong></span> <span class='ocrx_word' id='word_1_67' title='bbox 1288 1252 1494 1334; x_wconf 85' lang='lat' dir='ltr'><strong>armaturae</strong></span> <span class='ocrx_word' id='word_1_68' title='bbox 1517 1229 1705 1342; x_wconf 80' lang='lat' dir='ltr'><strong>splendor&#39;e</strong></span> <span class='ocrx_word' id='word_1_69' title='bbox 1726 1248 1925 1350; x_wconf 77' lang='lat' dir='ltr'><strong>insignitus.</strong></span> 
     </span>
     <span class='ocr_line' id='line_1_9' title="bbox 495 1329 1925 1449; baseline 0.017 -41"><span class='ocrx_word' id='word_1_70' title='bbox 495 1329 715 1430; x_wconf 80' lang='lat' dir='ltr'><strong>Priusquam</strong></span> <span class='ocrx_word' id='word_1_71' title='bbox 745 1329 1016 1432; x_wconf 79' lang='lat' dir='ltr'><strong>inscriptiones,</strong></span> <span class='ocrx_word' id='word_1_72' title='bbox 1047 1355 1199 1431; x_wconf 88' lang='lat' dir='ltr'><strong>quarum</strong></span> <span class='ocrx_word' id='word_1_73' title='bbox 1230 1347 1270 1411; x_wconf 90' lang='lat' dir='ltr'><strong>et</strong></span> <span class='ocrx_word' id='word_1_74' title='bbox 1297 1335 1407 1416; x_wconf 84' lang='lat' dir='ltr'><strong>huius</strong></span> <span class='ocrx_word' id='word_1_75' title='bbox 1432 1346 1527 1420; x_wconf 87' lang='lat' dir='ltr'><strong>antri</strong></span> <span class='ocrx_word' id='word_1_76' title='bbox 1550 1344 1646 1420; x_wconf 82' lang='lat' dir='ltr'><strong>duae</strong></span> <span class='ocrx_word' id='word_1_77' title='bbox 1669 1344 1771 1436; x_wconf 83' lang='lat' dir='ltr'><strong>sunt,</strong></span> <span class='ocrx_word' id='word_1_78' title='bbox 1797 1353 1925 1449; x_wconf 84' lang='lat' dir='ltr'><strong>descri-</strong></span> 
     </span>
    </p>
   </div>
   <div class='ocr_carea' id='block_1_3' title="bbox 493 1431 1910 1553">
    <p class='ocr_par' dir='ltr' id='par_1_4' title="bbox 493 1431 1910 1553">
     <span class='ocr_line' id='line_1_10' title="bbox 493 1431 1910 1553; baseline 0.019 -44"><span class='ocrx_word' id='word_1_79' title='bbox 493 1442 582 1536; x_wconf 86' lang='lat' dir='ltr'><strong>ptae</strong></span> <span class='ocrx_word' id='word_1_80' title='bbox 599 1446 645 1510; x_wconf 83' lang='lat' dir='ltr'><strong>et</strong></span> <span class='ocrx_word' id='word_1_81' title='bbox 669 1431 871 1534; x_wconf 76' lang='lat' dir='ltr'><strong>explicatae</strong></span> <span class='ocrx_word' id='word_1_82' title='bbox 894 1437 1049 1530; x_wconf 79' lang='lat' dir='ltr'><strong>fuerint,</strong></span> <span class='ocrx_word' id='word_1_83' title='bbox 1074 1437 1164 1522; x_wconf 85' lang='lat' dir='ltr'><strong>certi</strong></span> <span class='ocrx_word' id='word_1_84' title='bbox 1188 1436 1276 1544; x_wconf 88' lang='lat' dir='ltr'><strong>quid</strong></span> <span class='ocrx_word' id='word_1_85' title='bbox 1301 1439 1373 1526; x_wconf 74' lang='lat' dir='ltr'><strong>hae</strong></span> <span class='ocrx_word' id='word_1_86' title='bbox 1393 1445 1440 1526; x_wconf 87' lang='lat' dir='ltr'><strong>de</strong></span> <span class='ocrx_word' id='word_1_87' title='bbox 1464 1467 1505 1525; x_wconf 84' lang='lat' dir='ltr'><strong>rc</strong></span> <span class='ocrx_word' id='word_1_88' title='bbox 1526 1443 1621 1530; x_wconf 81' lang='lat' dir='ltr'><strong>effici</strong></span> <span class='ocrx_word' id='word_1_89' title='bbox 1642 1453 1704 1530; x_wconf 80' lang='lat' dir='ltr'><strong>vix</strong></span> <span class='ocrx_word' id='word_1_90' title='bbox 1726 1457 1874 1553; x_wconf 88' lang='lat' dir='ltr'><strong>poterit.</strong></span> <span class='ocrx_word' id='word_1_91' title='bbox 1909 1495 1910 1500; x_wconf 12' lang='grc' dir='ltr'><strong><em>Ν</em></strong></span> 
     </span>
    </p>
   </div>
   <div class='ocr_carea' id='block_1_4' title="bbox 573 1653 1909 1860">
    <p class='ocr_par' dir='ltr' id='par_1_5' title="bbox 573 1653 1909 1860">
     <span class='ocr_line' id='line_1_11' title="bbox 573 1653 1909 1860; baseline 0.018 -114"><span class='ocrx_word' id='word_1_92' title='bbox 573 1698 606 1770; x_wconf 81' lang='lat'><strong>5.</strong></span> <span class='ocrx_word' id='word_1_93' title='bbox 635 1683 694 1768; x_wconf 77' lang='lat' dir='ltr'><strong>De</strong></span> <span class='ocrx_word' id='word_1_94' title='bbox 720 1702 997 1784; x_wconf 71' lang='lat' dir='ltr'><strong>monumentorum</strong></span> <span class='ocrx_word' id='word_1_95' title='bbox 1025 1687 1145 1858; x_wconf 63' lang='lat' dir='ltr'><strong>usnfot</strong></span> <span class='ocrx_word' id='word_1_96' title='bbox 1157 1681 1322 1860; x_wconf 49' lang='lat' dir='ltr'><strong>fpwfflm&#39;</strong></span> <span class='ocrx_word' id='word_1_97' title='bbox 1355 1653 1459 1784; x_wconf 78' lang='lat' dir='ltr'><strong>dapne</strong></span> <span class='ocrx_word' id='word_1_98' title='bbox 1478 1698 1678 1790; x_wconf 72' lang='lat' dir='ltr'><strong>stragularum</strong></span> <span class='ocrx_word' id='word_1_99' title='bbox 1696 1706 1843 1787; x_wconf 80' lang='lat' dir='ltr'><strong>portium</strong></span> <span class='ocrx_word' id='word_1_100' title='bbox 1905 1687 1909 1694; x_wconf 42' lang='lat'><strong><em>⁴</em></strong></span> 
     </span>
     <span class='ocr_line' id='line_1_12' title="bbox 1099 1795 1333 1856; baseline 0.043 -22"><span class='ocrx_word' id='word_1_101' title='bbox 1099 1795 1166 1856; x_wconf 83' lang='lat' dir='ltr'><strong>rgm</strong></span> <span class='ocrx_word' id='word_1_102' title='bbox 1193 1797 1231 1836; x_wconf 88' lang='lat' dir='ltr'><strong>ca</strong></span> <span class='ocrx_word' id='word_1_103' title='bbox 1249 1797 1333 1844; x_wconf 72' lang='lat' dir='ltr'><strong>tone·</strong></span> 
     </span>
    </p>
   </div>
   <div class='ocr_carea' id='block_1_5' title="bbox 901 1916 1513 2004">
    <p class='ocr_par' dir='ltr' id='par_1_6' title="bbox 901 1916 1513 2004">
     <span class='ocr_line' id='line_1_13' title="bbox 901 1916 1513 2004; baseline 0.023 -32"><span class='ocrx_word' id='word_1_104' title='bbox 901 1916 933 1987; x_wconf 82' lang='grc' dir='ltr'><strong>ι)</strong></span> <span class='ocrx_word' id='word_1_105' title='bbox 955 1917 1204 1980; x_wconf 64' lang='lat' dir='ltr'><strong>Menaenorum</strong></span> <span class='ocrx_word' id='word_1_106' title='bbox 1228 1921 1291 1997; x_wconf 73' lang='lat' dir='ltr'><strong>osae</strong></span> <span class='ocrx_word' id='word_1_107' title='bbox 1314 1937 1342 1980; x_wconf 79' lang='lat' dir='ltr'><strong>et</strong></span> <span class='ocrx_word' id='word_1_108' title='bbox 1366 1924 1513 2004; x_wconf 74' lang='lat' dir='ltr'><strong>confilium.</strong></span> 
     </span>
    </p>
   </div>
   <div class='ocr_carea' id='block_1_6' title="bbox 361 2035 2071 4376">
    <p class='ocr_par' dir='ltr' id='par_1_7' title="bbox 508 2035 2047 2147">
     <span class='ocr_line' id='line_1_14' title="bbox 508 2035 2047 2147; baseline 0.025 -38"><span class='ocrx_word' id='word_1_109' title='bbox 508 2063 515 2070; x_wconf 94' lang='lat'><strong>·</strong></span> <span class='ocrx_word' id='word_1_110' title='bbox 592 2040 655 2122; x_wconf 82' lang='lat' dir='ltr'><strong>Est</strong></span> <span class='ocrx_word' id='word_1_111' title='bbox 681 2035 779 2136; x_wconf 89' lang='lat' dir='ltr'><strong>quod</strong></span> <span class='ocrx_word' id='word_1_112' title='bbox 807 2040 966 2125; x_wconf 81' lang='lat' dir='ltr'><strong>mireris,</strong></span> <span class='ocrx_word' id='word_1_113' title='bbox 997 2041 1186 2134; x_wconf 84' lang='lat' dir='ltr'><strong>neminem</strong></span> <span class='ocrx_word' id='word_1_114' title='bbox 1218 2069 1368 2135; x_wconf 84' lang='lat' dir='ltr'><strong>eorum,</strong></span> <span class='ocrx_word' id='word_1_115' title='bbox 1399 2056 1462 2147; x_wconf 88' lang='lat' dir='ltr'><strong>qul</strong></span> <span class='ocrx_word' id='word_1_116' title='bbox 1491 2051 1553 2130; x_wconf 86' lang='lat' dir='ltr'><strong>hie</strong></span> <span class='ocrx_word' id='word_1_117' title='bbox 1579 2058 1830 2140; x_wconf 76' lang='lat' dir='ltr'><strong>monumentis</strong></span> <span class='ocrx_word' id='word_1_118' title='bbox 1858 2084 1921 2144; x_wconf 79' lang='lat' dir='ltr'><strong>cu·</strong></span> <span class='ocrx_word' id='word_1_119' title='bbox 2042 2099 2047 2107; x_wconf 53' lang='lat'>²</span> 
     </span>
    </p>

    <p class='ocr_par' dir='ltr' id='par_1_8' title="bbox 409 2137 2071 2359">
     <span class='ocr_line' id='line_1_15' title="bbox 409 2137 2071 2268; baseline 0.016 -48"><span class='ocrx_word' id='word_1_120' title='bbox 409 2215 411 2220; x_wconf 86' lang='lat'><em>.</em></span> <span class='ocrx_word' id='word_1_121' title='bbox 490 2165 571 2225; x_wconf 89' lang='lat' dir='ltr'><strong>ram</strong></span> <span class='ocrx_word' id='word_1_122' title='bbox 594 2144 808 2241; x_wconf 82' lang='lat' dir='ltr'><strong>inpendere,</strong></span> <span class='ocrx_word' id='word_1_123' title='bbox 844 2137 1090 2238; x_wconf 83' lang='lat' dir='ltr'><strong>quaestionem</strong></span> <span class='ocrx_word' id='word_1_124' title='bbox 1120 2143 1459 2246; x_wconf 76' lang='lat' dir='ltr'><strong>fihi&#39;errplicandam</strong></span> <span class='ocrx_word' id='word_1_125' title='bbox 1486 2151 1659 2248; x_wconf 83' lang='lat' dir='ltr'><strong>iumsrlle,</strong></span> <span class='ocrx_word' id='word_1_126' title='bbox 1685 2163 1743 2240; x_wconf 94' lang='lat' dir='ltr'><strong>oui</strong></span> <span class='ocrx_word' id='word_1_127' title='bbox 1768 2163 1844 2241; x_wconf 90' lang='lat' dir='ltr'><strong>usui</strong></span> <span class='ocrx_word' id='word_1_128' title='bbox 1870 2167 1922 2244; x_wconf 88' lang='lat' dir='ltr'><strong>in·</strong></span> <span class='ocrx_word' id='word_1_129' title='bbox 1973 2231 1981 2244; x_wconf 73' lang='grc'>,</span> <span class='ocrx_word' id='word_1_130' title='bbox 2066 2257 2071 2268; x_wconf 47' lang='grc'>,</span> 
     </span>
     <span class='ocr_line' id='line_1_16' title="bbox 475 2241 1919 2359; baseline 0.012 -34"><span class='ocrx_word' id='word_1_131' title='bbox 475 2245 683 2325; x_wconf 67' lang='lat' dir='ltr'><strong>&#39;servierint</strong></span> <span class='ocrx_word' id='word_1_132' title='bbox 710 2241 803 2320; x_wconf 87' lang='lat' dir='ltr'><strong>haec</strong></span> <span class='ocrx_word' id='word_1_133' title='bbox 829 2255 950 2332; x_wconf 89' lang='lat' dir='ltr'><strong>antra,</strong></span> <span class='ocrx_word' id='word_1_134' title='bbox 980 2266 1093 2342; x_wconf 88' lang='lat' dir='ltr'><strong>quum</strong></span> <span class='ocrx_word' id='word_1_135' title='bbox 1121 2261 1246 2326; x_wconf 87' lang='lat' dir='ltr'><strong>tamen</strong></span> <span class='ocrx_word' id='word_1_136' title='bbox 1274 2254 1322 2328; x_wconf 85' lang='lat' dir='ltr'><strong>ad</strong></span> <span class='ocrx_word' id='word_1_137' title='bbox 1345 2251 1443 2330; x_wconf 88' lang='lat' dir='ltr'><strong>hanc</strong></span> <span class='ocrx_word' id='word_1_138' title='bbox 1466 2259 1713 2358; x_wconf 84' lang='lat' dir='ltr'><strong>quaestionem</strong></span> <span class='ocrx_word' id='word_1_139' title='bbox 1741 2265 1919 2359; x_wconf 86' lang='lat' dir='ltr'><strong>responlio</strong></span> 
     </span>
    </p>

    <p class='ocr_par' dir='ltr' id='par_1_9' title="bbox 455 2333 1921 2454">
     <span class='ocr_line' id='line_1_17' title="bbox 455 2333 1921 2454; baseline 0.016 -32"><span class='ocrx_word' id='word_1_140' title='bbox 455 2354 457 2363; x_wconf 82' lang='grc'><em>’</em></span> <span class='ocrx_word' id='word_1_141' title='bbox 486 2333 562 2428; x_wconf 65' lang='lat' dir='ltr'><strong>varec</strong></span> <span class='ocrx_word' id='word_1_142' title='bbox 585 2371 650 2447; x_wconf 91' lang='lat' dir='ltr'><strong>per</strong></span> <span class='ocrx_word' id='word_1_143' title='bbox 674 2343 711 2437; x_wconf 79' lang='lat' dir='ltr'><strong>ie</strong></span> <span class='ocrx_word' id='word_1_144' title='bbox 735 2358 859 2442; x_wconf 86' lang='lat' dir='ltr'><strong>patent</strong></span> <span class='ocrx_word' id='word_1_145' title='bbox 879 2367 949 2421; x_wconf 89' lang='lat' dir='ltr'><strong>nec</strong></span> <span class='ocrx_word' id='word_1_146' title='bbox 973 2347 1210 2442; x_wconf 80' lang='lat' dir='ltr'><strong>indagatione</strong></span> <span class='ocrx_word' id='word_1_147' title='bbox 1233 2349 1275 2428; x_wconf 79' lang='lat' dir='ltr'><strong>stt</strong></span> <span class='ocrx_word' id='word_1_148' title='bbox 1298 2354 1457 2454; x_wconf 85' lang='lat' dir='ltr'><strong>indigna.</strong></span> <span class='ocrx_word' id='word_1_149' title='bbox 1518 2360 1603 2438; x_wconf 86' lang='lat' dir='ltr'><strong>Mos</strong></span> <span class='ocrx_word' id='word_1_150' title='bbox 1631 2377 1710 2442; x_wconf 88' lang='lat' dir='ltr'><strong>erat</strong></span> <span class='ocrx_word' id='word_1_151' title='bbox 1730 2365 1921 2448; x_wconf 87' lang='lat' dir='ltr'><strong>Persarum</strong></span> 
     </span>
    </p>

    <p class='ocr_par' dir='ltr' id='par_1_10' title="bbox 383 2438 1990 2552">
     <span class='ocr_line' id='line_1_18' title="bbox 383 2438 1990 2552; baseline 0.019 -34"><span class='ocrx_word' id='word_1_152' title='bbox 383 2438 394 2450; x_wconf 77' lang='lat'><strong><em>‘</em></strong></span> <span class='ocrx_word' id='word_1_153' title='bbox 488 2473 642 2548; x_wconf 76' lang='lat' dir='ltr'><strong>regum,</strong></span> <span class='ocrx_word' id='word_1_154' title='bbox 663 2446 869 2524; x_wconf 86' lang='lat' dir='ltr'><strong>clariliimas</strong></span> <span class='ocrx_word' id='word_1_155' title='bbox 892 2446 990 2522; x_wconf 85' lang='lat' dir='ltr'><strong>vitae</strong></span> <span class='ocrx_word' id='word_1_156' title='bbox 1023 2471 1083 2524; x_wconf 84' lang='lat' dir='ltr'><strong>res</strong></span> <span class='ocrx_word' id='word_1_157' title='bbox 1110 2449 1507 2552; x_wconf 17' lang='lat' dir='ltr'><strong>gestas-monumentis</strong></span> <span class='ocrx_word' id='word_1_158' title='bbox 1533 2462 1752 2544; x_wconf 86' lang='lat' dir='ltr'><strong>celebrandi.</strong></span> <span class='ocrx_word' id='word_1_159' title='bbox 1811 2471 1920 2547; x_wconf 89' lang='lat' dir='ltr'><strong>Prae·</strong></span> <span class='ocrx_word' id='word_1_160' title='bbox 1989 2497 1990 2506; x_wconf 49' lang='lat'>¹</span> 
     </span>
    </p>

    <p class='ocr_par' dir='ltr' id='par_1_11' title="bbox 426 2548 2030 2768">
     <span class='ocr_line' id='line_1_19' title="bbox 488 2548 2030 2665; baseline 0.011 -36"><span class='ocrx_word' id='word_1_161' title='bbox 488 2556 588 2630; x_wconf 88' lang='lat' dir='ltr'><strong>clara</strong></span> <span class='ocrx_word' id='word_1_162' title='bbox 603 2551 678 2627; x_wconf 87' lang='lat' dir='ltr'><strong>&#39;iiia</strong></span> <span class='ocrx_word' id='word_1_163' title='bbox 706 2549 803 2624; x_wconf 82' lang='lat' dir='ltr'><strong>facte</strong></span> <span class='ocrx_word' id='word_1_164' title='bbox 828 2548 1044 2647; x_wconf 76' lang='lat' dir='ltr'><strong>anaglyphis</strong></span> <span class='ocrx_word' id='word_1_165' title='bbox 1065 2553 1225 2650; x_wconf 79' lang='lat' dir='ltr'><strong>expressa</strong></span> <span class='ocrx_word' id='word_1_166' title='bbox 1249 2570 1377 2650; x_wconf 88' lang='lat' dir='ltr'><strong>aperte</strong></span> <span class='ocrx_word' id='word_1_167' title='bbox 1399 2559 1654 2650; x_wconf 83' lang='lat' dir='ltr'><strong>ostendebant,</strong></span> <span class='ocrx_word' id='word_1_168' title='bbox 1688 2589 1761 2665; x_wconf 87' lang='lat' dir='ltr'><strong>quo</strong></span> <span class='ocrx_word' id='word_1_169' title='bbox 1789 2591 1919 2650; x_wconf 78' lang='lat' dir='ltr'><strong>monu-</strong></span> <span class='ocrx_word' id='word_1_170' title='bbox 2022 2637 2030 2646; x_wconf 93' lang='lat'><em>.</em></span> 
     </span>
     <span class='ocr_line' id='line_1_20' title="bbox 426 2650 1917 2768; baseline 0.017 -44"><span class='ocrx_word' id='word_1_171' title='bbox 426 2713 429 2724; x_wconf 93' lang='lat'>.</span> <span class='ocrx_word' id='word_1_172' title='bbox 488 2661 617 2732; x_wconf 86' lang='lat' dir='ltr'><strong>menta</strong></span> <span class='ocrx_word' id='word_1_173' title='bbox 638 2650 753 2728; x_wconf 80' lang='lat' dir='ltr'><strong>client</strong></span> <span class='ocrx_word' id='word_1_174' title='bbox 770 2650 972 2727; x_wconf 76' lang='lat' dir='ltr'><strong>referenda.</strong></span> <span class='ocrx_word' id='word_1_175' title='bbox 1023 2651 1244 2732; x_wconf 85' lang='lat' dir='ltr'><strong>Teliimonio</strong></span> <span class='ocrx_word' id='word_1_176' title='bbox 1264 2657 1347 2734; x_wconf 87' lang='lat' dir='ltr'><strong>sunt</strong></span> <span class='ocrx_word' id='word_1_177' title='bbox 1368 2663 1498 2740; x_wconf 89' lang='lat' dir='ltr'><strong>rudera</strong></span> <span class='ocrx_word' id='word_1_178' title='bbox 1523 2665 1622 2742; x_wconf 86' lang='lat' dir='ltr'><strong>urbis</strong></span> <span class='ocrx_word' id='word_1_179' title='bbox 1647 2667 1815 2768; x_wconf 86' lang='lat' dir='ltr'><strong>Schnpur</strong></span> <span class='ocrx_word' id='word_1_180' title='bbox 1833 2674 1917 2750; x_wconf 85' lang='lat' dir='ltr'><strong>alia·</strong></span> 
     </span>
    </p>

    <p class='ocr_par' dir='ltr' id='par_1_12' title="bbox 484 2752 1917 2866">
     <span class='ocr_line' id='line_1_21' title="bbox 484 2752 1917 2866; baseline 0.012 -33"><span class='ocrx_word' id='word_1_181' title='bbox 484 2779 573 2862; x_wconf 82' lang='lat' dir='ltr'><strong>que.</strong></span> <span class='ocrx_word' id='word_1_182' title='bbox 632 2753 773 2834; x_wconf 83' lang='lat' dir='ltr'><strong>Eadem</strong></span> <span class='ocrx_word' id='word_1_183' title='bbox 805 2753 951 2848; x_wconf 84' lang='lat' dir='ltr'><strong>ratione</strong></span> <span class='ocrx_word' id='word_1_184' title='bbox 975 2765 1014 2830; x_wconf 91' lang='lat' dir='ltr'><strong>et</strong></span> <span class='ocrx_word' id='word_1_185' title='bbox 1037 2752 1257 2851; x_wconf 83' lang='lat' dir='ltr'><strong>fingularnm</strong></span> <span class='ocrx_word' id='word_1_186' title='bbox 1292 2777 1615 2846; x_wconf 82' lang='lat' dir='ltr'><strong>monumentorum</strong></span> <span class='ocrx_word' id='word_1_187' title='bbox 1644 2773 1799 2866; x_wconf 87' lang='lat' dir='ltr'><strong>partium</strong></span> <span class='ocrx_word' id='word_1_188' title='bbox 1832 2773 1917 2852; x_wconf 83' lang='lat' dir='ltr'><strong>rrius</strong></span> 
     </span>
    </p>

    <p class='ocr_par' dir='ltr' id='par_1_13' title="bbox 482 2854 1915 2974">
     <span class='ocr_line' id='line_1_22' title="bbox 482 2854 1915 2974; baseline 0.013 -39"><span class='ocrx_word' id='word_1_189' title='bbox 482 2875 555 2961; x_wconf 81' lang='lat' dir='ltr'><strong>per</strong></span> <span class='ocrx_word' id='word_1_190' title='bbox 573 2854 775 2954; x_wconf 76' lang='lat' dir='ltr'><strong>anaglypha</strong></span> <span class='ocrx_word' id='word_1_191' title='bbox 790 2855 961 2932; x_wconf 88' lang='lat' dir='ltr'><strong>innotuit.</strong></span> <span class='ocrx_word' id='word_1_192' title='bbox 1011 2855 1106 2944; x_wconf 91' lang='lat' dir='ltr'><strong>Quid</strong></span> <span class='ocrx_word' id='word_1_193' title='bbox 1118 2859 1168 2952; x_wconf 37' lang='lat' dir='ltr'><strong>w,in</strong></span> <span class='ocrx_word' id='word_1_194' title='bbox 1189 2857 1337 2956; x_wconf 83' lang='lat' dir='ltr'><strong>fingulis</strong></span> <span class='ocrx_word' id='word_1_195' title='bbox 1357 2864 1479 2962; x_wconf 87' lang='lat' dir='ltr'><strong>palatii</strong></span> <span class='ocrx_word' id='word_1_196' title='bbox 1496 2869 1731 2948; x_wconf 77' lang='lat' dir='ltr'><strong>conclavibus</strong></span> <span class='ocrx_word' id='word_1_197' title='bbox 1751 2894 1815 2950; x_wconf 85' lang='lat' dir='ltr'><strong>rex</strong></span> <span class='ocrx_word' id='word_1_198' title='bbox 1828 2899 1915 2974; x_wconf 88' lang='lat' dir='ltr'><strong>age·</strong></span> 
     </span>
    </p>

    <p class='ocr_par' dir='ltr' id='par_1_14' title="bbox 486 2956 1927 3068">
     <span class='ocr_line' id='line_1_23' title="bbox 486 2956 1927 3068; baseline 0.015 -33"><span class='ocrx_word' id='word_1_199' title='bbox 486 2973 568 3046; x_wconf 85' lang='lat' dir='ltr'><strong>ret‚·</strong></span> <span class='ocrx_word' id='word_1_200' title='bbox 587 2959 693 3036; x_wconf 85' lang='lat' dir='ltr'><strong>cuive</strong></span> <span class='ocrx_word' id='word_1_201' title='bbox 716 2958 768 3032; x_wconf 87' lang='lat' dir='ltr'><strong>tel</strong></span> <span class='ocrx_word' id='word_1_202' title='bbox 788 2956 1002 3056; x_wconf 85' lang='lat' dir='ltr'><strong>inservirent</strong></span> <span class='ocrx_word' id='word_1_203' title='bbox 1026 2981 1214 3048; x_wconf 87' lang='lat' dir='ltr'><strong>camerae,</strong></span> <span class='ocrx_word' id='word_1_204' title='bbox 1236 2963 1439 3060; x_wconf 87' lang='lat' dir='ltr'><strong>sculpturae</strong></span> <span class='ocrx_word' id='word_1_205' title='bbox 1461 2991 1571 3068; x_wconf 89' lang='lat' dir='ltr'><strong>opera</strong></span> <span class='ocrx_word' id='word_1_206' title='bbox 1595 2973 1632 3048; x_wconf 91' lang='lat' dir='ltr'><strong>in</strong></span> <span class='ocrx_word' id='word_1_207' title='bbox 1653 2975 1698 3048; x_wconf 85' lang='lat' dir='ltr'><strong>iin</strong></span> <span class='ocrx_word' id='word_1_208' title='bbox 1722 2974 1828 3052; x_wconf 78' lang='lat' dir='ltr'><strong>obvia</strong></span> <span class='ocrx_word' id='word_1_209' title='bbox 1854 2983 1927 3056; x_wconf 88' lang='lat' dir='ltr'><strong>do·-</strong></span> 
     </span>
    </p>

    <p class='ocr_par' dir='ltr' id='par_1_15' title="bbox 381 3057 2068 3482">
     <span class='ocr_line' id='line_1_24' title="bbox 381 3057 1915 3156; baseline 0.014 -21"><span class='ocrx_word' id='word_1_210' title='bbox 381 3086 385 3102; x_wconf 85' lang='lat'><em>·</em></span> <span class='ocrx_word' id='word_1_211' title='bbox 486 3063 631 3137; x_wconf 84' lang='lat' dir='ltr'><strong>cebant.</strong></span> <span class='ocrx_word' id='word_1_212' title='bbox 691 3057 774 3130; x_wconf 91' lang='lat' dir='ltr'><strong>Non</strong></span> <span class='ocrx_word' id='word_1_213' title='bbox 811 3058 959 3147; x_wconf 84' lang='lat' dir='ltr'><strong>ignores</strong></span> <span class='ocrx_word' id='word_1_214' title='bbox 986 3060 1025 3126; x_wconf 91' lang='lat' dir='ltr'><strong>in</strong></span> <span class='ocrx_word' id='word_1_215' title='bbox 1055 3061 1332 3154; x_wconf 84' lang='lat' dir='ltr'><strong>Persepolitanis</strong></span> <span class='ocrx_word' id='word_1_216' title='bbox 1359 3069 1533 3144; x_wconf 80' lang='lat' dir='ltr'><strong>conclave</strong></span> <span class='ocrx_word' id='word_1_217' title='bbox 1557 3071 1645 3148; x_wconf 89' lang='lat' dir='ltr'><strong>iilud</strong></span> <span class='ocrx_word' id='word_1_218' title='bbox 1675 3077 1915 3156; x_wconf 88' lang='lat' dir='ltr'><strong>admittendis</strong></span> 
     </span>
     <span class='ocr_line' id='line_1_25' title="bbox 485 3151 1970 3273; baseline 0.017 -40"><span class='ocrx_word' id='word_1_219' title='bbox 485 3159 617 3260; x_wconf 85' lang='lat' dir='ltr'><strong>legatis</strong></span> <span class='ocrx_word' id='word_1_220' title='bbox 641 3153 890 3260; x_wconf 76' lang='lat' dir='ltr'><strong>destinatumr</strong></span> <span class='ocrx_word' id='word_1_221' title='bbox 913 3151 1119 3250; x_wconf 79' lang='lat' dir='ltr'><strong>anaglypha</strong></span> <span class='ocrx_word' id='word_1_222' title='bbox 1152 3157 1252 3234; x_wconf 88' lang='lat' dir='ltr'><strong>enim</strong></span> <span class='ocrx_word' id='word_1_223' title='bbox 1281 3159 1457 3240; x_wconf 86' lang='lat' dir='ltr'><strong>exhibent</strong></span> <span class='ocrx_word' id='word_1_224' title='bbox 1478 3189 1602 3268; x_wconf 89' lang='lat' dir='ltr'><strong>regem</strong></span> <span class='ocrx_word' id='word_1_225' title='bbox 1629 3171 1713 3249; x_wconf 85' lang='lat' dir='ltr'><strong>sella</strong></span> <span class='ocrx_word' id='word_1_226' title='bbox 1742 3179 1841 3273; x_wconf 88' lang='lat' dir='ltr'><strong>regia</strong></span> <span class='ocrx_word' id='word_1_227' title='bbox 1866 3182 1916 3259; x_wconf 86' lang='lat' dir='ltr'><strong>ibi</strong></span> <span class='ocrx_word' id='word_1_228' title='bbox 1962 3253 1970 3266; x_wconf 91' lang='grc'><em>,</em></span> 
     </span>
     <span class='ocr_line' id='line_1_26' title="bbox 485 3254 2068 3362; baseline 0.015 -21"><span class='ocrx_word' id='word_1_229' title='bbox 485 3263 696 3346; x_wconf 83' lang='lat' dir='ltr'><strong>sedentem,</strong></span> <span class='ocrx_word' id='word_1_230' title='bbox 728 3255 829 3330; x_wconf 90' lang='lat' dir='ltr'><strong>omni</strong></span> <span class='ocrx_word' id='word_1_231' title='bbox 855 3254 954 3348; x_wconf 88' lang='lat' dir='ltr'><strong>regis</strong></span> <span class='ocrx_word' id='word_1_232' title='bbox 989 3270 1119 3331; x_wconf 88' lang='lat' dir='ltr'><strong>ornatu</strong></span> <span class='ocrx_word' id='word_1_233' title='bbox 1148 3255 1345 3356; x_wconf 76' lang='lat' dir='ltr'><strong>infignem3</strong></span> <span class='ocrx_word' id='word_1_234' title='bbox 1377 3261 1660 3348; x_wconf 87' lang='lat' dir='ltr'><strong>introducuntur</strong></span> <span class='ocrx_word' id='word_1_235' title='bbox 1693 3275 1915 3362; x_wconf 86' lang='lat' dir='ltr'><strong>diversarum</strong></span> <span class='ocrx_word' id='word_1_236' title='bbox 1948 3343 1954 3347; x_wconf 85' lang='lat'><em>-</em></span> <span class='ocrx_word' id='word_1_237' title='bbox 2062 3281 2068 3294; x_wconf 85' lang='lat'>&#39;</span> 
     </span>
     <span class='ocr_line' id='line_1_27' title="bbox 486 3355 1911 3482; baseline 0.014 -40"><span class='ocrx_word' id='word_1_238' title='bbox 486 3365 678 3444; x_wconf 90' lang='lat' dir='ltr'><strong>nationum</strong></span> <span class='ocrx_word' id='word_1_239' title='bbox 704 3355 827 3452; x_wconf 79' lang='lat' dir='ltr'><strong>iegati</strong></span> <span class='ocrx_word' id='word_1_240' title='bbox 886 3357 948 3434; x_wconf 87' lang='lat' dir='ltr'><strong>Sic</strong></span> <span class='ocrx_word' id='word_1_241' title='bbox 974 3377 1120 3454; x_wconf 88' lang='lat' dir='ltr'><strong>quoque</strong></span> <span class='ocrx_word' id='word_1_242' title='bbox 1152 3384 1198 3436; x_wconf 88' lang='lat' dir='ltr'><strong>ex</strong></span> <span class='ocrx_word' id='word_1_243' title='bbox 1228 3377 1438 3462; x_wconf 87' lang='lat' dir='ltr'><strong>cryptarum</strong></span> <span class='ocrx_word' id='word_1_244' title='bbox 1469 3369 1668 3451; x_wconf 86' lang='lat' dir='ltr'><strong>nostrarum</strong></span> <span class='ocrx_word' id='word_1_245' title='bbox 1693 3382 1911 3482; x_wconf 82' lang='lat' dir='ltr'><strong>anaglyphis</strong></span> 
     </span>
    </p>

    <p class='ocr_par' dir='ltr' id='par_1_16' title="bbox 459 3457 1910 3581">
     <span class='ocr_line' id='line_1_28' title="bbox 459 3457 1910 3581; baseline 0.014 -38"><span class='ocrx_word' id='word_1_246' title='bbox 459 3465 573 3544; x_wconf 82' lang='lat' dir='ltr'><strong>,nius</strong></span> <span class='ocrx_word' id='word_1_247' title='bbox 596 3479 721 3538; x_wconf 85' lang='lat' dir='ltr'><strong>earum</strong></span> <span class='ocrx_word' id='word_1_248' title='bbox 743 3478 916 3556; x_wconf 84' lang='lat' dir='ltr'><strong>apparere</strong></span> <span class='ocrx_word' id='word_1_249' title='bbox 941 3457 1033 3534; x_wconf 89' lang='lat' dir='ltr'><strong>mihi</strong></span> <span class='ocrx_word' id='word_1_250' title='bbox 1057 3459 1211 3536; x_wconf 87' lang='lat' dir='ltr'><strong>videtur.</strong></span> <span class='ocrx_word' id='word_1_251' title='bbox 1263 3464 1423 3544; x_wconf 84' lang='lat' dir='ltr'><strong>Antrum</strong></span> <span class='ocrx_word' id='word_1_252' title='bbox 1447 3473 1599 3550; x_wconf 88' lang='lat' dir='ltr'><strong>minoris</strong></span> <span class='ocrx_word' id='word_1_253' title='bbox 1622 3477 1764 3559; x_wconf 83' lang='lat' dir='ltr'><strong>formae</strong></span> <span class='ocrx_word' id='word_1_254' title='bbox 1783 3506 1910 3581; x_wconf 84' lang='lat' dir='ltr'><strong>quum,</strong></span> 
     </span>
    </p>

    <p class='ocr_par' dir='ltr' id='par_1_17' title="bbox 379 3556 1912 4078">
     <span class='ocr_line' id='line_1_29' title="bbox 379 3556 1457 3738; baseline 0.023 -9"><span class='ocrx_word' id='word_1_255' title='bbox 379 3593 380 3606; x_wconf 16' lang='grc' dir='ltr'>ψ</span> <span class='ocrx_word' id='word_1_256' title='bbox 672 3556 1103 3738; x_wconf 56' lang='lat' dir='ltr'><strong>lt</strong></span> <span class='ocrx_word' id='word_1_257' title='bbox 1125 3559 1457 3666; x_wconf 71' lang='lat' dir='ltr'>s</span> 
     </span>
     <span class='ocr_line' id='line_1_30' title="bbox 484 3689 1868 3765; baseline 0.014 -22"><span class='ocrx_word' id='word_1_258' title='bbox 484 3691 507 3746; x_wconf 88' lang='lat' dir='ltr'><strong>a</strong></span> <span class='ocrx_word' id='word_1_259' title='bbox 559 3689 659 3744; x_wconf 92' lang='lat' dir='ltr'><strong>uum</strong></span> <span class='ocrx_word' id='word_1_260' title='bbox 1106 3713 1114 3736; x_wconf 84' lang='lat'><strong>·</strong></span> <span class='ocrx_word' id='word_1_261' title='bbox 1454 3698 1489 3750; x_wconf 86' lang='lat' dir='ltr'><strong>ra</strong></span> <span class='ocrx_word' id='word_1_262' title='bbox 1554 3700 1630 3754; x_wconf 89' lang='lat' dir='ltr'><strong>rem</strong></span> <span class='ocrx_word' id='word_1_263' title='bbox 1667 3703 1721 3758; x_wconf 84' lang='lat' dir='ltr'><strong>act</strong></span> <span class='ocrx_word' id='word_1_264' title='bbox 1749 3707 1868 3765; x_wconf 85' lang='lat' dir='ltr'><strong>anru</strong></span> 
     </span>
     <span class='ocr_line' id='line_1_31' title="bbox 487 3684 1910 3889; baseline 0.019 -48"><span class='ocrx_word' id='word_1_265' title='bbox 487 3769 636 3862; x_wconf 30' lang='lat' dir='ltr'><strong>maius..</strong></span> <span class='ocrx_word' id='word_1_266' title='bbox 671 3684 761 3838; x_wconf 66' lang='lat' dir='ltr'><strong>Eius</strong></span> <span class='ocrx_word' id='word_1_267' title='bbox 787 3761 964 3859; x_wconf 83' lang='lat' dir='ltr'><strong>parietes,</strong></span> <span class='ocrx_word' id='word_1_268' title='bbox 997 3785 1018 3837; x_wconf 89' lang='lat' dir='ltr'><strong>a</strong></span> <span class='ocrx_word' id='word_1_269' title='bbox 1047 3763 1162 3840; x_wconf 84' lang='lat' dir='ltr'><strong>latere</strong></span> <span class='ocrx_word' id='word_1_270' title='bbox 1190 3767 1343 3862; x_wconf 89' lang='lat' dir='ltr'><strong>obiecti,</strong></span> <span class='ocrx_word' id='word_1_271' title='bbox 1363 3779 1599 3855; x_wconf 69' lang='lat' dir='ltr'><strong>uenationes</strong></span> <span class='ocrx_word' id='word_1_272' title='bbox 1626 3715 1910 3889; x_wconf 42' lang='lat' dir='ltr'><strong>repraesentant?</strong></span> 
     </span>
     <span class='ocr_line' id='line_1_32' title="bbox 487 3863 1908 3988; baseline 0.015 -40"><span class='ocrx_word' id='word_1_273' title='bbox 487 3893 572 3949; x_wconf 90' lang='lat' dir='ltr'><strong>oum</strong></span> <span class='ocrx_word' id='word_1_274' title='bbox 595 3863 800 3948; x_wconf 84' lang='lat' dir='ltr'><strong>terrestres,</strong></span> <span class='ocrx_word' id='word_1_275' title='bbox 825 3875 903 3938; x_wconf 89' lang='lat' dir='ltr'><strong>tum</strong></span> <span class='ocrx_word' id='word_1_276' title='bbox 932 3863 1099 3947; x_wconf 74' lang='lat' dir='ltr'><strong>navalese</strong></span> <span class='ocrx_word' id='word_1_277' title='bbox 1133 3889 1199 3945; x_wconf 86' lang='lat' dir='ltr'><strong>rex</strong></span> <span class='ocrx_word' id='word_1_278' title='bbox 1224 3869 1317 3972; x_wconf 86' lang='lat' dir='ltr'><strong>ipse,</strong></span> <span class='ocrx_word' id='word_1_279' title='bbox 1345 3895 1454 3970; x_wconf 88' lang='lat' dir='ltr'><strong>quem</strong></span> <span class='ocrx_word' id='word_1_280' title='bbox 1474 3883 1520 3954; x_wconf 93' lang='lat' dir='ltr'><strong>ob</strong></span> <span class='ocrx_word' id='word_1_281' title='bbox 1544 3886 1704 3979; x_wconf 85' lang='lat' dir='ltr'><strong>corporis</strong></span> <span class='ocrx_word' id='word_1_282' title='bbox 1725 3887 1908 3988; x_wconf 78' lang='lat' dir='ltr'><strong>staturam,</strong></span> 
     </span>
     <span class='ocr_line' id='line_1_33' title="bbox 466 3961 1910 4078; baseline 0.017 -29"><span class='ocrx_word' id='word_1_283' title='bbox 466 3995 557 4074; x_wconf 72' lang='lat' dir='ltr'><strong>=qua</strong></span> <span class='ocrx_word' id='word_1_284' title='bbox 586 3969 718 4045; x_wconf 86' lang='lat' dir='ltr'><strong>ceteris</strong></span> <span class='ocrx_word' id='word_1_285' title='bbox 738 3961 963 4049; x_wconf 82' lang='lat' dir='ltr'><strong>hominibus.</strong></span> <span class='ocrx_word' id='word_1_286' title='bbox 1001 3977 1043 4041; x_wconf 92' lang='lat' dir='ltr'><strong>ut</strong></span> <span class='ocrx_word' id='word_1_287' title='bbox 1063 3965 1221 4064; x_wconf 81' lang='lat' dir='ltr'><strong>semper,</strong></span> <span class='ocrx_word' id='word_1_288' title='bbox 1258 3974 1413 4065; x_wconf 85' lang='lat' dir='ltr'><strong>eminet,</strong></span> <span class='ocrx_word' id='word_1_289' title='bbox 1448 3979 1546 4062; x_wconf 87' lang='lat' dir='ltr'><strong>haud</strong></span> <span class='ocrx_word' id='word_1_290' title='bbox 1564 3982 1723 4078; x_wconf 83' lang='lat' dir='ltr'><strong>ignores,</strong></span> <span class='ocrx_word' id='word_1_291' title='bbox 1751 3989 1788 4066; x_wconf 92' lang='lat' dir='ltr'><strong>in</strong></span> <span class='ocrx_word' id='word_1_292' title='bbox 1815 4007 1910 4072; x_wconf 87' lang='lat' dir='ltr'><strong>utro·</strong></span> 
     </span>
    </p>

    <p class='ocr_par' dir='ltr' id='par_1_18' title="bbox 361 4065 1998 4376">
     <span class='ocr_line' id='line_1_34' title="bbox 361 4065 1908 4189; baseline 0.017 -46"><span class='ocrx_word' id='word_1_293' title='bbox 361 4071 381 4092; x_wconf 59' lang='lat'><strong>⁸</strong></span> <span class='ocrx_word' id='word_1_294' title='bbox 484 4099 558 4175; x_wconf 85' lang='lat' dir='ltr'><strong>que</strong></span> <span class='ocrx_word' id='word_1_295' title='bbox 572 4073 711 4170; x_wconf 79' lang='lat' dir='ltr'><strong>pariete</strong></span> <span class='ocrx_word' id='word_1_296' title='bbox 727 4081 880 4147; x_wconf 83' lang='lat' dir='ltr'><strong>venator</strong></span> <span class='ocrx_word' id='word_1_297' title='bbox 894 4065 948 4142; x_wconf 87' lang='lat' dir='ltr'><strong>bis</strong></span> <span class='ocrx_word' id='word_1_298' title='bbox 965 4065 1093 4144; x_wconf 84' lang='lat' dir='ltr'><strong>bbvius</strong></span> <span class='ocrx_word' id='word_1_299' title='bbox 1109 4068 1170 4146; x_wconf 89' lang='lat' dir='ltr'><strong>est.</strong></span> <span class='ocrx_word' id='word_1_300' title='bbox 1209 4073 1429 4156; x_wconf 81' lang='lat' dir='ltr'><strong>Hinciacile</strong></span> <span class='ocrx_word' id='word_1_301' title='bbox 1446 4090 1908 4189; x_wconf 71' lang='lat' dir='ltr'><strong>cognoscasteliigendun</strong></span> 
     </span>
     <span class='ocr_line' id='line_1_35' title="bbox 478 4167 1998 4296; baseline 0.024 -54"><span class='ocrx_word' id='word_1_302' title='bbox 478 4191 598 4278; x_wconf 57' lang='grc' dir='ltr'><strong>μοι»,</strong></span> <span class='ocrx_word' id='word_1_303' title='bbox 617 4169 796 4246; x_wconf 61' lang='lat' dir='ltr'><strong>‘alludere</strong></span> <span class='ocrx_word' id='word_1_304' title='bbox 826 4167 918 4244; x_wconf 92' lang='lat' dir='ltr'><strong>haec</strong></span> <span class='ocrx_word' id='word_1_305' title='bbox 946 4169 1153 4268; x_wconf 85' lang='lat' dir='ltr'><strong>anaglypha</strong></span> <span class='ocrx_word' id='word_1_306' title='bbox 1180 4173 1226 4248; x_wconf 91' lang='lat' dir='ltr'><strong>ad</strong></span> <span class='ocrx_word' id='word_1_307' title='bbox 1256 4177 1444 4270; x_wconf 89' lang='lat' dir='ltr'><strong>regionem</strong></span> <span class='ocrx_word' id='word_1_308' title='bbox 1473 4189 1566 4261; x_wconf 88' lang='lat' dir='ltr'><strong>circa</strong></span> <span class='ocrx_word' id='word_1_309' title='bbox 1596 4189 1796 4284; x_wconf 85' lang='lat' dir='ltr'><strong>iacentem,</strong></span> <span class='ocrx_word' id='word_1_310' title='bbox 1834 4222 1906 4296; x_wconf 89' lang='lat' dir='ltr'><strong>qua</strong></span> <span class='ocrx_word' id='word_1_311' title='bbox 1993 4237 1998 4244; x_wconf 94' lang='lat'><em>·</em></span> 
     </span>
     <span class='ocr_line' id='line_1_36' title="bbox 483 4265 1906 4376; baseline 0.015 -20"><span class='ocrx_word' id='word_1_312' title='bbox 483 4281 699 4356; x_wconf 85' lang='lat' dir='ltr'><strong>venationes</strong></span> <span class='ocrx_word' id='word_1_313' title='bbox 718 4265 902 4346; x_wconf 86' lang='lat' dir='ltr'><strong>habebant</strong></span> <span class='ocrx_word' id='word_1_314' title='bbox 920 4293 1038 4368; x_wconf 80' lang='lat' dir='ltr'><strong>reges.</strong></span> <span class='ocrx_word' id='word_1_315' title='bbox 1090 4275 1217 4352; x_wconf 86' lang='lat' dir='ltr'><strong>Fidem</strong></span> <span class='ocrx_word' id='word_1_316' title='bbox 1239 4277 1327 4354; x_wconf 80' lang='lat' dir='ltr'><strong>facit</strong></span> <span class='ocrx_word' id='word_1_317' title='bbox 1346 4281 1432 4359; x_wconf 88' lang='lat' dir='ltr'><strong>huic</strong></span> <span class='ocrx_word' id='word_1_318' title='bbox 1448 4283 1650 4368; x_wconf 86' lang='lat' dir='ltr'><strong>sententiae</strong></span> <span class='ocrx_word' id='word_1_319' title='bbox 1671 4275 1774 4372; x_wconf 85' lang='lat' dir='ltr'><strong>iocus</strong></span> <span class='ocrx_word' id='word_1_320' title='bbox 1790 4300 1906 4376; x_wconf 89' lang='lat' dir='ltr'><strong>Ham·</strong></span> 
     </span>
    </p>
   </div>
   <div class='ocr_carea' id='block_1_7' title="bbox 395 4365 1904 4584">
    <p class='ocr_par' dir='ltr' id='par_1_19' title="bbox 395 4365 1904 4584">
     <span class='ocr_line' id='line_1_37' title="bbox 395 4365 1904 4576; baseline 0.036 -149"><span class='ocrx_word' id='word_1_321' title='bbox 395 4365 419 4426; x_wconf 88' lang='grc'><strong>·.</strong></span> <span class='ocrx_word' id='word_1_322' title='bbox 483 4377 606 4466; x_wconf 55' lang='lat' dir='ltr'><strong>duppe</strong></span> <span class='ocrx_word' id='word_1_323' title='bbox 626 4375 737 4476; x_wconf 75' lang='lat' dir='ltr'><strong>¹supra</strong></span> <span class='ocrx_word' id='word_1_324' title='bbox 764 4371 954 4464; x_wconf 85' lang='lat' dir='ltr'><strong>laudatus,</strong></span> <span class='ocrx_word' id='word_1_325' title='bbox 989 4397 1063 4478; x_wconf 87' lang='lat' dir='ltr'><strong>quo</strong></span> <span class='ocrx_word' id='word_1_326' title='bbox 1097 4379 1274 4462; x_wconf 85' lang='lat' dir='ltr'><strong>certiores</strong></span> <span class='ocrx_word' id='word_1_327' title='bbox 1303 4380 1430 4476; x_wconf 85' lang='lat' dir='ltr'><strong>limus,</strong></span> <span class='ocrx_word' id='word_1_328' title='bbox 1464 4389 1670 4474; x_wconf 65' lang='lat' dir='ltr'><strong>‘lCosroem</strong></span> <span class='ocrx_word' id='word_1_329' title='bbox 1703 4399 1904 4576; x_wconf 47' lang='lat' dir='ltr'><strong>Abfiulzem</strong></span> 
     </span>
     <span class='ocr_line' id='line_1_38' title="bbox 543 4497 1904 4584; baseline 0.04 -54"><span class='ocrx_word' id='word_1_330' title='bbox 543 4497 547 4504; x_wconf 91' lang='lat'>-</span> <span class='ocrx_word' id='word_1_331' title='bbox 1782 4517 1904 4584; x_wconf 88' lang='lat' dir='ltr'><strong>ortum</strong></span> 
     </span>
    </p>
   </div>
   <div class='ocr_carea' id='block_1_8' title="bbox 0 0 2222 5388">
    <p class='ocr_par' dir='ltr' id='par_1_20' title="bbox 0 0 2222 5388">
     <span class='ocr_line' id='line_1_39' title="bbox 0 0 2222 5388; baseline 0 12"><span class='ocrx_word' id='word_1_332' title='bbox 0 0 2222 5388; x_wconf 95' lang='lat' dir='ltr'><strong> </strong></span> 
     </span>
    </p>
   </div>
  </div>
 </body>
</html>
